4724 6360
340 1259 363 1302 a.
391 1225 519 1308 Eodem
544 1247 639 1308 Anno
662 1250 693 1306 et
716 1243 766 1306 die
790 1262 854 1326 quo
878 1262 975 1326 snpra
997 1247 1145 1327 receptus
1169 1249 1217 1306 est
1237 1243 1276 1307 ad
1295 1243 1466 1326 legendum
1485 1263 1615 1306 cursum
1634 1243 1668 1304 in
1688 1261 1776 1305 sacra

388 1350 544 1433 theologia
581 1348 771 1412 venerabilis
809 1350 960 1432 magister
997 1348 1250 1430 wolfspanpus
1284 1348 1422 1430 poldon
1458 1348 1775 1430 Zwicltouc'cnsc's,

387 1461 588 1540 presentatus
612 1475 669 1539 per
692 1456 719 1520 d.
745 1457 906 1518 doctorem
929 1454 1136 1518 iheronimum
1159 1455 1196 1518 de
1217 1454 1423 1536 ocksensordl,
1448 1463 1481 1519 et
1504 1456 1601 1520 soluit
1624 1457 1655 1537 iij
1680 1454 1746 1519 flor.

343 1597 364 1640 o.
392 1561 520 1643 Eodem
544 1585 640 1644 Anno
664 1587 695 1643 et
723 1581 774 1644 die
799 1600 862 1663 quo
887 1599 982 1663 supra
1006 1579 1195 1643 venerabilis
1215 1580 1365 1643 dominus
1390 1579 1591 1643 Erlardns
1611 1579 1775 1660 Newpar

245 1701 290 1744 ru.
308 1694 362 1744 aab.
391 1687 471 1750 de*
509 1685 713 1752 Bedelwitz
749 1687 877 1750 Artium
914 1689 1129 1768 ingenuarum
1166 1692 1271 1750 nostre
1309 1688 1526 1750 vniuersitatis
1563 1685 1714 1769 Magister
1743 1693 1774 1752 et

390 1813 500 1856 cursor
529 1811 618 1858 sacre
641 1794 800 1876 theologie
823 1794 1040 1856 vniuersitatis
1064 1795 1248 1877 parisiensis
1271 1794 1349 1856 visis
1371 1793 1483 1856 litteris
1507 1793 1774 1858 testimonialibus

389 1907 575 1983 assumptus
595 1905 643 1964 est
661 1901 699 1962 ad
719 1901 888 1984 legendum
908 1901 1083 1964 sententias
1101 1901 1135 1962 in
1155 1919 1244 1962 sacra
1263 1899 1430 1980 theologia,
1448 1907 1647 1983 presentatus
1665 1920 1722 1983 per
1745 1901 1772 1962 d.

390 2008 550 2072 doctorem
571 2005 775 2070 theotimum
794 2006 1000 2086 celsensardt,
1025 2013 1056 2069 et
1079 2006 1182 2070 soluet
1206 2013 1374 2090 vtramque
1399 2005 1526 2070 bursam
1551 2007 1672 2070 scilicet
1694 2057 1699 2067 .
1724 2005 1774 2071 ..¹

327 2237 361 2282 ro.
390 2201 489 2284 rinno
509 2221 630 2284 domini
652 2221 820 2284 millesimo
840 2222 1094 2304 quingentesimo
1112 2221 1282 2284 vndecimo
1301 2219 1379 2283 teria
1398 2225 1488 2284 sexta
1507 2239 1570 2303 qne
1583 2219 1645 2282 fuit
1662 2219 1773 2284 vltima
1801 2244 1866 2291 ran.

385 2328 520 2409 januarij
546 2326 704 2410 Receptus
729 2335 776 2391 cst
800 2328 850 2390 Ad
874 2327 1044 2410 legendum
1070 2327 1207 2390 Cursum
1230 2328 1265 2389 iu
1289 2324 1383 2389 Sacra
1406 2327 1562 2408 theologia
1584 2325 1774 2389 venerabilis
1800 2317 1842 2360 ³⁵⁰
1864 2319 1899 2361 ³¹·

390 2441 421 2496 et
450 2433 621 2514 religiosus
651 2441 740 2518 pater
773 2441 804 2497 et
826 2435 978 2516 magister
1003 2433 1193 2514 Casperus
1222 2432 1334 2496 lauta
1357 2433 1398 2496 de
1421 2431 1631 2512 Nortiaycn
1655 2433 1777 2496 ordinis

391 2539 632 2604 carmelitarum
669 2541 779 2620 frater,
817 2548 1023 2624 presentatus
1064 2561 1120 2625 per
1159 2539 1364 2624 spectabilem
1403 2540 1569 2603 dominum
1612 2539 1773 2602 doctorem

390 2647 563 2710 martinum
586 2647 765 2730 Meyadora
787 2647 825 2710 de
846 2646 1024 2728 lirstberqa
1048 2653 1079 2711 et
1102 2647 1199 2710 soluit
1222 2648 1242 2709 3
1265 2645 1318 2710 il.¹

360 2822 366 2833 .
394 2751 496 2834 Anno
528 2771 651 2835 domini
686 2773 855 2835 millesimo
896 2773 1153 2855 quingentesimo
1190 2771 1359 2834 vndecimo
1395 2771 1630 2853 decimaquarta
1667 2771 1776 2854 aprilis
1803 2791 1856 2844 apr.
1873 2791 1906 2833 rr.

389 2875 541 2960 Magister
563 2878 821 2960 wolfsyoapns
843 2877 1042 2942 winckc'ler
1065 2877 1262 2959 Epreasis,
1293 2879 1349 2961 qui
1377 2879 1454 2962 legit
1486 2879 1566 2941 duos
1591 2877 1686 2942 libros
1710 2877 1776 2940 Ma-

388 2985 478 3066 gistri
502 3004 604 3068 vsque
628 2986 665 3048 ad
689 2986 821 3050 formam
840 2985 1000 3049 inclusiue
1014 2985 1159 3049 Tercium
1180 2985 1370 3063 inchoanda,
1385 2985 1416 3048 A
1436 2987 1572 3048 dominis
1595 2985 1776 3050 doctoribus

390 3097 466 3154 tunc
483 3091 664 3155 facultatem
683 3091 903 3170 Theologicam
923 3091 1216 3175 representantibus
1236 3092 1373 3154 obtinuit
1392 3091 1671 3175 dispensationem,
1690 3093 1776 3174 quod

389 3198 531 3280 reliquos
569 3199 649 3262 duos
682 3199 780 3262 libros
812 3201 968 3280 magistri,
1003 3219 1084 3282 quos
1117 3200 1150 3262 in
1183 3199 1391 3262 rniuersitate
1420 3199 1526 3278 legere
1556 3217 1619 3260 non
1653 3205 1776 3281 poterat

390 3315 479 3367 extra
506 3307 747 3370 vniuersintem
777 3307 809 3368 in
834 3305 1001 3369 cathedrali
1027 3307 1160 3370 ecclesia
1182 3303 1417 3388 Ratispanensi,
1447 3304 1500 3368 rbi
1520 3305 1558 3367 ad
1582 3305 1775 3387 prelaturam

391 3419 574 3495 assumptus
601 3412 676 3490 fnit,
704 3413 836 3497 perinde
865 3433 901 3476 ac
925 3417 951 3475 si
975 3416 1008 3476 in
1034 3415 1241 3477 vniuersitate
1270 3413 1398 3495 legisset
1422 3417 1453 3474 et
1478 3413 1568 3475 iuxta
1592 3418 1710 3476 statuta
1733 3412 1777 3476 la-

391 3517 516 3582 cultatis
540 3519 717 3602 theologice
741 3521 976 3604 compleuisset‚
999 3521 1089 3603 legat.

356 3697 361 3707 .
391 3624 492 3706 Auno
517 3643 637 3706 domini
660 3645 828 3708 millesimo
853 3647 1110 3728 quingentesimo
1135 3647 1303 3710 vndecimo
1326 3643 1403 3708 feria
1427 3651 1518 3706 sexta
1545 3651 1617 3727 post
1641 3651 1776 3726 cantate,
1802 3659 1893 3704 aaran

391 3769 452 3832 que
484 3749 544 3813 fnit
575 3752 827 3816 vicesimatercia
855 3755 940 3834 maij,
975 3759 1124 3836 receptus
1157 3761 1205 3815 est
1239 3751 1292 3815 Ad
1327 3750 1498 3833 legendum
1535 3753 1706 3814 sententias
1741 3753 1775 3814 in

390 3875 479 3918 sacra
508 3857 667 3940 theologia
690 3857 879 3940 Magnificus
907 3865 939 3923 et
966 3859 1124 3943 Egregius
1152 3861 1201 3922 vir
1229 3859 1379 3922 dominus
1407 3854 1589 3920 iohannes
1620 3878 1776 3936 sperner

389 3961 731 4046 biloenstndeasis‚
769 3969 887 4030 artium
923 3967 1074 4051 magister
1103 3972 1159 4029 etc.
1191 3971 1270 4028 tunc
1306 3964 1388 4026 alme
1421 3971 1528 4026 nostre
1561 3966 1777 4030 uniuersitatis

390 4068 519 4151 Rector‚
542 4079 744 4156 presentatus
771 4092 830 4157 per
858 4074 886 4136 d.
911 4073 1070 4137 doctorem
1100 4073 1258 4154 Magnum
1285 4070 1385 4134 bandi
1414 4070 1718 4152 Mchcbnryeasem
1746 4079 1777 4136 et

390 4176 487 4240 soluit
518 4187 583 4242 tres
604 4177 635 4242 tl.
658 4181 691 4242 in
716 4199 803 4243 auro.

358 4282 522 4366 shlodem
550 4321 634 4367 anuo
662 4311 693 4368 et
722 4305 773 4367 die
802 4323 866 4387 quo
894 4325 991 4388 supra
1013 4309 1209 4388 Assumptus
1238 4311 1287 4367 est
1314 4303 1353 4366 ad
1382 4301 1556 4386 legendum
1581 4302 1717 4366 Cursum
1742 4305 1775 4365 in

391 4409 485 4472 Sacra
518 4409 676 4492 theologia
718 4411 870 4494 magister
904 4413 1092 4494 Georgius
1125 4411 1360 4476 Sraidcwcin
1392 4408 1433 4471 de
1464 4407 1541 4491 Wy,
1574 4417 1776 4493 presentatus

391 4533 447 4598 per
470 4515 630 4578 doctorem
655 4515 812 4598 Magnum
840 4518 939 4582 locarit
968 4518 1273 4600 Mugdcborpenscm‚
1297 4523 1329 4580 et
1356 4516 1456 4579 soluit
1479 4522 1543 4579 tres
1571 4515 1601 4578 il.
1626 4516 1713 4578 rhen.
1742 4517 1776 4578 in

392 4622 491 4686 Auro.
1347 4617 1377 4625 ”

500 4889 520 4956 ¹)
540 4887 628 4942 Reum
648 4889 692 4941 fiir
710 4893 815 4957 spitere
837 4889 1000 4958 llintragung
1018 4891 1148 4958 gelassem
1168 4891 1211 4944 dre
1230 4890 1305 4944 nicht
1323 4889 1418 4960 orlolgt
1436 4889 1479 4944 ist.

498 4977 520 5048 ¹)
541 4977 604 5045 311.
625 4981 715 5046 sptter
733 4978 916 5049 hinzugeliigt.
1546 5059 1564 5111 4
