4724 6360
684 1167 793 1248 feldt,
816 1175 1020 1252 presentatus
1044 1187 1099 1252 per
1118 1169 1282 1252 egregium
1302 1167 1469 1232 dominum
1489 1165 1653 1229 doctorem
1676 1163 1889 1246 Hieronymum
1912 1165 2079 1246 dunycrst-

684 1273 772 1356 heym
795 1273 832 1338 de
854 1273 1060 1354 ocksmfnrth,
1084 1281 1116 1338 et
1139 1275 1236 1339 soluit
1259 1275 1292 1357 iij
1317 1273 1347 1338 fl.

684 1381 814 1462 liorem
838 1417 922 1462 anno
947 1403 978 1462 et
1002 1397 1052 1462 die
1077 1419 1141 1482 quo
1166 1419 1260 1482 supra
1283 1397 1443 1482 Receptus
1468 1403 1517 1460 est
1540 1396 1578 1459 ad
1603 1395 1775 1460 concilium
1799 1395 1960 1460 facultatis
1983 1415 2078 1478 egre-
2108 1423 2146 1466 aa.

685 1506 760 1586 gius
784 1505 932 1568 dominus
956 1505 1064 1568 doctor
1089 1505 1280 1587 Georgius
1303 1504 1497 1568 dotlunius
1520 1501 1808 1584 meirriayaasis,
1832 1501 1962 1584 Collegii
1987 1505 2079 1586 prin-

686 1611 765 1693 cipis
790 1610 990 1692 collegiatus.
1037 1611 1078 1675 Dt
1101 1613 1187 1675 dedit
1209 1631 1265 1695 pro
1289 1609 1510 1673 consolacione
1528 1609 1730 1672 dominorum
1755 1609 1920 1672 doctorum
1942 1609 1982 1672 16
2005 1609 2074 1690 gr.¹

687 1715 728 1780 Dt
751 1719 799 1780 sic
822 1725 899 1780 sunt
925 1717 1035 1782 decem
1061 1719 1099 1782 de
1121 1719 1270 1782 facultate
1294 1715 1454 1780 Dominus
1479 1715 1507 1778 d.
1532 1715 1680 1778 Mothous
1700 1713 1901 1796 praetuleram
1925 1715 2079 1796 decanus,

688 1825 716 1886 d.
736 1825 765 1886 d.
783 1821 904 1904 patulus
927 1823 1059 1902 schiller,
1084 1825 1111 1888 d.
1132 1825 1160 1888 d.
1183 1823 1323 1887 matiscus
1346 1821 1468 1904 haynis,
1493 1821 1520 1886 d.
1541 1823 1568 1886 d.
1595 1821 1761 1886 illartinue
1783 1821 1971 1904 hyrssperylc,
1996 1823 2023 1886 d.
2046 1823 2078 1886 d.

688 1951 821 2012 mumius
844 1930 955 2008 huradt,
986 1931 1013 1994 d.
1039 1931 1066 1994 d.
1091 1931 1290 2013 lieronymus
1313 1929 1524 2010 ocksenlarth,
1553 1929 1581 1992 d.
1606 1929 1633 1991 d.
1658 1927 1818 1992 adalricus
1840 1929 1962 2010 pfister,
1992 1929 2019 1995 d.
2045 1929 2077 1992 d·

689 2035 843 2120 Georgius
873 2037 1143 2119 dleininyensis¹,
1176 2037 1202 2100 d.
1228 2037 1255 2100 d.
1279 2034 1400 2115 patulus
1427 2035 1622 2118 swnfflwym,
1654 2035 1681 2098 ‹l.
1707 2035 1735 2098 d.
1767 2035 1957 2098 hermarum
1988 2035 2079 2100 Rada

689 2144 811 2208 ordinis
834 2143 1075 2228 predicatorum.

690 2339 791 2420 Anno
826 2357 947 2420 domini
982 2358 1153 2422 millesimo
1194 2357 1450 2440 quingentesimo
1489 2355 1724 2439 quintodecimo
1761 2353 1819 2420 Die
1853 2353 1944 2420 Luna
1976 2359 2076 2422 tercia
2106 2384 2144 2426 aa.

607 2481 612 2490 ·
656 2479 662 2492 ·
691 2465 812 2527 decima
841 2465 963 2528 mensis
991 2467 1119 2547 augusti
1143 2463 1304 2548 Receptus
1333 2471 1381 2527 est
1410 2463 1449 2526 ad
1478 2463 1647 2544 legendum
1672 2462 1856 2526 Senteucias
1883 2463 2077 2527 venerahilis

690 2569 840 2634 dominus
867 2573 1018 2654 magister
1046 2579 1079 2634 et
1108 2579 1197 2655 pater
1222 2569 1371 2650 Caspar
1396 2567 1527 2651 guttai,
1557 2567 1644 2633 filius
1672 2575 1852 2632 conuentus
1876 2571 2077 2635 Monacensis

690 2678 809 2740 ordinis
832 2678 1058 2740 heremitarum
1083 2677 1191 2742 Sancti
1214 2679 1388 2760 augustini,
1410 2683 1609 2760 presentatus
1633 2695 1690 2759 per
1710 2675 1883 2758 Egregium
1908 2677 2076 2742 dominum

690 2783 850 2848 doctorem
875 2783 1052 2847 Malliacum
1075 2783 1208 2865 laeanipk
1230 2784 1424 2865 huyaensem.
1471 2782 1512 2846 Et
1536 2783 1633 2846 soluit
1655 2789 1721 2847 tres
1744 2782 1774 2846 n.
1799 2783 1837 2846 ad
1861 2783 1983 2847 liscum.

622 2963 627 2972 .
658 2963 663 2974 .
692 2891 793 2970 rinno
832 2907 963 2971 Domini
1000 2908 1171 2972 millesimo
1211 2909 1460 2992 quingentisimo
1497 2909 1734 2991 quintodecimo
1770 2905 1830 2970 Die
1868 2907 1943 2972 lune
1978 2909 2074 2972 tercia
2107 2934 2195 2978 anm

690 3017 809 3078 mensis
833 3011 1017 3078 Decembris
1041 3013 1201 3098 Receptus
1226 3021 1274 3078 est
1297 3013 1334 3078 ad
1358 3015 1529 3098 legendum
1554 3034 1684 3078 cursum
1709 3015 1742 3078 in
1766 3015 1924 3098 theologia
1943 3034 2074 3079 venera·
2105 3007 2141 3050 ²⁸·

691 3120 765 3184 bilis
787 3119 948 3184 Dominus
982 3121 1130 3204 Magister
1153 3121 1350 3185 Martinus
1377 3120 1556 3185 schulteti
1583 3121 1624 3184 de
1651 3122 1844 3202 mitweda's,
1871 3131 2074 3206 presentatus

691 3247 743 3312 per
779 3226 953 3291 Dominum
982 3225 1154 3292 Doctorem
1186 3227 1401 3292 lheronimum
1434 3227 1471 3292 da
1497 3225 1701 3308 ochsenfurth,
1731 3235 1763 3292 et
1786 3226 1891 3292 Soluit
1914 3249 1969 3312 pro
1998 3227 2075 3293 fisco

689 3335 847 3399 factrltatis
870 3335 957 3398 tres³
980 3331 1011 3398 ll.

611 3551 616 3561 .
660 3549 665 3560 .
696 3477 794 3559 Anno
827 3496 947 3558 domini
980 3497 1064 3558 1515
1094 3496 1174 3560 feria
1207 3497 1252 3558 li*
1287 3503 1360 3560 ante
1393 3496 1499 3560 homo
1532 3495 1664 3580 apostoli
1696 3495 1887 3560 venerabilis
1917 3495 2076 3562 Dominus
2102 3523 2133 3567 as

691 3602 769 3686 Mgr.
801 3601 947 3682 Caspor
974 3601 1094 3683 yarttel
1119 3601 1216 3666 frater
1243 3603 1365 3666 ordinis
1393 3603 1621 3666 heremitarum
1644 3601 1673 3667 S.
1698 3604 1871 3683 augustini,
1894 3603 2075 3668 Senteneia·

691 3712 769 3788 rius,
799 3711 855 3792 qui
884 3709 1002 3792 incepit
1030 3709 1081 3772 hio
1109 3709 1214 3792 legere
1242 3711 1379 3793 primum
1410 3709 1527 3774 librum
1557 3711 1801 3785 sentenciarum
1828 3721 1959 3794 propter
1982 3715 2076 3776 suia

692 3823 781 3899 patre
804 3835 863 3879 suo
893 3817 1009 3878 vicario
1032 3819 1276 3880 reuocacionem
1301 3815 1440 3880 obtinuit
1462 3837 1480 3878 n
1502 3817 1649 3880 facultate
1673 3814 1966 3900 Dispensacionem,
1990 3821 2075 3902 qnod

692 3929 796 4006 potest
822 3923 986 4005 inceptum
1011 3921 1129 3986 librum
1160 3931 1191 3986 et
1218 3931 1405 4006 sequentem
1430 3925 1464 3985 in
1488 3931 1652 3986 conuentu
1676 3943 1734 3987 suo
1761 3944 1816 4006 pro
1838 3923 1939 3988 forma
1962 3925 2077 4010 legere,

693 4027 753 4092 Sed
782 4031 914 4092 tercium
943 4029 1028 4092 vnde
1057 4029 1186 4092 habebit
1213 4049 1303 4093 suam
1332 4029 1568 4102 formacionem.
1596 4029 1688 4093 debet
1719 4031 1769 4092 hic
1802 4031 1835 4092 in
1869 4033 2076 4096 vniuersitate

692 4137 833 4219 incipere
856 4141 887 4198 et
910 4137 1107 4216 continuare,
1131 4137 1158 4198 si
1183 4155 1280 4219 super
1302 4137 1362 4199 hoc
1385 4156 1458 4200 cum
1483 4156 1520 4200 eo
1545 4156 1610 4200 non
1632 4137 1727 4200 fuerit
1746 4137 1923 4220 specialiter
1949 4139 2075 4223 dispen-

693 4249 806 4306 satum.

595 4442 668 4489 ame.
694 4401 795 4482 Anno
820 4419 941 4482 domini
965 4418 1054 4486 1516
1078 4417 1138 4483 Die
1156 4419 1250 4484 Jouis
1274 4423 1316 4484 24
1341 4424 1460 4486 mensis
1483 4422 1562 4504 Julij
1582 4423 1737 4506 assumpti
1756 4427 1833 4486 sunt
1852 4423 1892 4486 ad
1911 4423 2075 4487 licenciam
2103 4449 2139 4492 ao.

573 4513 666 4558 Μ·
694 4529 729 4588 in
753 4527 1001 4611 saeratheologia
1020 4526 1228 4591 Venerabiles
1253 4529 1314 4590 riri
1337 4535 1368 4591 et
1391 4529 1521 4610 domini,
1543 4527 1686 4612 Magistri
1717 4527 1941 4593 Valentinus
1962 4527 2075 4594 Thal-

695 4669 905 4680 -————-—

804 4740 822 4798 ¹l
842 4739 878 4794 llis
897 4739 964 4808 folgt
981 4739 1050 4794 noch
1069 4739 1117 4794 das
1137 4738 1250 4793 Zeichan
1269 4739 1312 4792 fiir
1331 4739 1413 4795 dedit.

802 4827 823 4898 ¹)
842 4827 964 4883 Dariiber
983 4827 1163 4896 geschriebem
1183 4827 1246 4882 aher
1263 4844 1316 4882 von
1336 4833 1456 4898 spaterer
1474 4827 1566 4883 Hand:
1586 4828 1721 4885 Dotleu.

801 4917 823 4984 'l
843 4923 898 4970 tres
916 4915 1101 4986 nachtra‘glich
1120 4916 1272 4985 ausgeh'iDt.
