4724 6360
473 1277 573 1360 Anno
598 1295 708 1358 eodem
731 1293 809 1358 feria
833 1293 882 1354 δῖ*
900 1297 972 1377 post
994 1291 1106 1356 Jacobi
1129 1292 1275 1374 Apostoli
1299 1292 1350 1354 Ad
1369 1311 1499 1355 oursnm
1519 1289 1692 1372 legendum
1710 1297 1858 1373 receptus
1883 1304 1929 1346 run
1943 1305 1978 1350 so.

473 1409 519 1465 est
543 1399 584 1464 M.
607 1399 777 1464 ortanus
796 1399 961 1480 pistoris
983 1399 1025 1462 de
1048 1397 1177 1479 liptrp,
1202 1403 1404 1482 presentatus
1427 1416 1484 1480 per
1507 1397 1585 1460 doct.
1603 1395 1813 1478 prensslnoio.

471 1507 573 1590 Anno
601 1526 713 1589 eodem
742 1525 820 1588 feria
847 1527 868 1586 4
896 1531 968 1608 post
994 1523 1130 1606 Remigij
1157 1524 1196 1586 ad
1220 1523 1393 1586 sententias
1421 1521 1571 1605 legendas
1600 1521 1755 1604 assumpti
1780 1525 1856 1585 sunt
1882 1544 1930 1587 oet
1945 1547 1965 1586 s.

473 1631 513 1696 Μ.
541 1629 740 1696 odalricus
761 1631 937 1712 pffistcr,
966 1631 1008 1694 M.
1039 1627 1214 1693 nicolaus
1236 1628 1395 1692 herwart
1416 1629 1457 1693 de
1479 1627 1675 1709 herbipoli,
1700 1627 1741 1691 M.
1764 1649 1858 1691 mor-

339 1823 349 1838 *
472 1739 577 1803 tinus
599 1737 823 1802 metendorn
846 1737 888 1801 dc
909 1738 1106 1819 lyroperp,
1129 1738 1300 1820 presentati
1323 1755 1379 1818 per
1403 1735 1482 1801 doct.
1501 1733 1710 1816 prcnsslznia.

472 1933 574 2015 Anno
606 1949 840 2033 dominj1502
870 1953 905 2014 in
937 1951 1073 2035 profesto
1104 1950 1252 2013 cathedre
1286 1951 1367 2034 petri
1398 1951 1436 2013 ad
1468 1948 1642 2031 legendum
1667 1968 1800 2012 cursum
1822 1949 1857 2012 in
1885 1969 1963 2017 roos.

472 2059 629 2142 theologia
659 2059 778 2140 recepti
809 2065 885 2122 sunt
907 2057 1002 2121 frater
1028 2055 1226 2121 Oswaldos
1257 2043 1353 2121 irtel
1383 2057 1426 2120 de
1454 2054 1784 2136 friotcoloustcn‚
1814 2055 1855 2119 M.
1885 2042 1996 2088 lm·

479 2163 669 2247 Virpilins
692 2165 733 2228 dc
757 2163 1014 2246 Saltitburpa,
1039 2163 1079 2226 M.
1099 2163 1309 2229 Bertoldus
1332 2162 1585 2228 hombcrstede
1609 2163 1650 2226 dc
1669 2163 1857 2244 pondersi-

471 2272 588 2354 leym,
610 2273 783 2356 presentati
806 2291 862 2355 per
885 2273 952 2335 doc.
977 2271 1071 2336 lonis
1094 2277 1126 2335 et
1150 2272 1282 2336 vlumus
1306 2291 1362 2357 per
1386 2269 1598 2351 Prcnsilouia.

472 2380 571 2461 Anno
600 2397 712 2460 eodem
739 2403 812 2480 post
833 2396 949 2461 festum
974 2396 1162 2461 Sanctorum
1187 2399 1332 2461 omnium
1357 2397 1397 2459 ad
1421 2395 1593 2459 sententies
1615 2395 1770 2480 legendas
1792 2413 1848 2478 pro
1875 2417 1933 2463 nov.
1949 2447 1976 2462 ..

471 2505 572 2567 formo
594 2504 713 2588 recepti
737 2510 813 2566 sunt
835 2501 877 2566 Μ.
899 2503 1088 2585 Georpios
1111 2504 1288 2568 dotonius
1311 2503 1354 2567 dc
1371 2522 1616 2584 mennynycn,
1640 2501 1681 2564 M.
1701 2521 1857 2582 mopsos

470 2610 590 2673 hunolt
611 2611 653 2672 dc
675 2609 914 2692 maffeium,
937 2610 978 2674 M.
992 2615 1129 2690 petros
1152 2610 1363 2694 cystenbcry
1385 2609 1427 2674 dc
1448 2607 1579 2688 nattis,
1604 2609 1777 2692 presentati
1800 2627 1858 2691 per

472 2719 551 2780 doct.
581 2715 710 2798 Hoynis
732 2723 764 2780 et
781 2717 992 2798 prcnstlouio.

470 2825 572 2906 Anno
603 2861 666 2925 quo
698 2862 793 2926 supra
824 2841 863 2905 ad
892 2843 1053 2906 licentium
1083 2843 1117 2905 in
1147 2843 1306 2924 theologia
1337 2842 1468 2906 admissi
1492 2849 1570 2905 sunt
1592 2839 1633 2904 M.
1660 2840 1857 2906 Conrados

471 2951 548 3014 coci
567 2949 608 3014 de
630 2951 832 3032 compicto,
855 2948 896 3012 Μ.
915 2947 1079 3012 mathias
1102 2947 1374 3014 Frawendinst
1400 2948 1441 3012 de
1464 2947 1743 3032 Sclwcpdcnitz
1766 2957 1797 3011 et
1815 2947 1856 3012 M.

469 3055 645 3122 Matiene
668 3055 845 3138 chniplt
867 3055 909 3120 de
930 3055 1086 3140 laynist.

471 3251 572 3334 Anno
603 3271 721 3354 dominj
754 3269 844 3338 1503
873 3271 907 3333 in
932 3271 1042 3352 vigilia
1070 3269 1260 3354 Epyphanie
1290 3269 1331 3333 M.
1358 3269 1551 3336 Comedus
1574 3272 1653 3335 coci
1680 3271 1721 3336 dc
1743 3291 1852 3353 wym-
1879 3289 1957 3336 troo.

467 3379 564 3458 pina
594 3385 671 3440 tuno
700 3379 734 3440 in
765 3378 921 3460 theologia
944 3376 1141 3440 licentiatus
1171 3385 1337 3460 promotus
1368 3385 1417 3441 est
1443 3381 1476 3440 in
1501 3377 1671 3442 Doctorem
1696 3379 1853 3460 theologie
1880 3361 1930 3407 ³⁸¹¹·
1945 3364 1965 3406 ⁵·

469 3504 525 3568 per
548 3483 866 3548 Reverendissinrum
895 3487 928 3547 in
954 3484 1077 3548 Christo
1100 3491 1223 3568 patrem
1248 3497 1278 3548 et
1303 3485 1468 3548 dominum
1494 3483 1668 3548 Dominum
1693 3485 1855 3550 chmun·

469 3591 544 3654 doen
567 3590 774 3655 Sacrosanete
802 3591 888 3656 sedis
916 3591 1088 3675 apostolice
1113 3589 1312 3655 Cardinalem
1342 3589 1564 3676 grortzenssem
1589 3591 1627 3654 de
1651 3593 1749 3656 latere
1772 3593 1855 3676 lega-

469 3709 538 3761 tum
562 3699 595 3760 in
615 3697 748 3762 ecclesia
766 3695 873 3762 Sancti
913 3697 1131 3782 paulilyptzgk
1152 3696 1411 3781 Doctoribusque
1433 3697 1623 3781 Theologice
1642 3699 1801 3764 facultatis
1825 3707 1856 3764 et

470 3805 599 3868 nomine
630 3805 773 3868 eiusdem
805 3804 964 3869 facultatis
996 3811 1075 3868 tuno
1111 3805 1315 3888 presentibus
1354 3805 1630 3869 consentientibus
1662 3813 1694 3870 et
1725 3825 1856 3890 presen-

468 3911 596 3976 tatibus.

468 4017 571 4100 Anno
604 4037 715 4102 eodem
746 4035 843 4102 Sexta
873 4038 951 4102 teria
982 4043 1055 4121 post
1086 4035 1250 4103 Francisci
1279 4039 1331 4102 Ad
1364 4037 1514 4122 legendas
1547 4039 1727 4102 Sententiae
1762 4045 1852 4124 poter
1879 4056 1928 4104 ott.
1943 4058 1964 4104 o,

469 4141 617 4208 Milloel
657 4145 745 4230 prior
788 4143 968 4211 cellensis
1005 4152 1037 4209 et
1074 4153 1163 4230 pater
1195 4150 1331 4228 petrus
1362 4146 1513 4229 prouisor
1545 4144 1667 4229 collegij
1701 4147 1857 4212 Bernerdi

468 4251 576 4336 Atque
595 4251 636 4316 Μ.
656 4249 863 4318 Bertolotns
885 4251 1117 4317 totnerstede
1140 4253 1182 4317 de
1202 4251 1486 4334 pondersslieym
1508 4255 1682 4337 presentati
1701 4273 1756 4337 per
1775 4254 1855 4318 doct.

468 4357 571 4440 cher
595 4365 627 4422 et
651 4359 814 4424 doctorem
838 4359 960 4442 troppis.

468 4463 571 4546 Anno
599 4485 711 4548 eodem
740 4493 829 4549 sexto
856 4485 935 4548 feria
961 4492 1034 4568 post
1063 4487 1208 4548 omnium
1238 4492 1422 4550 sanctorum
1451 4487 1488 4548 cd
1518 4485 1691 4568 legendum
1721 4505 1853 4551 cursum
1880 4502 1973 4547 nov.s.

469 4599 618 4674 receptus
649 4599 697 4654 est
729 4591 770 4654 M.
802 4589 959 4655 michael
992 4591 1083 4656 Row
1115 4593 1158 4656 rte
1189 4591 1344 4674 liptnplt,
1378 4601 1577 4675 presentatus
1611 4611 1665 4676 per
1695 4593 1854 4657 doctorem

467 4695 591 4782 hoynis.

468 4891 569 4975 Anno
593 4911 712 4996 dominj
736 4911 831 4980 1504
853 4915 886 4976 in
912 4914 962 4977 die
982 4911 1181 4998 sigismundi
1205 4914 1243 4977 ad
1263 4913 1449 4978 Sentencios
1473 4913 1621 4997 legendos
1640 4915 1758 4998 recepti
1779 4920 1855 4979 sunt
1881 4927 1957 5012 root.

469 5017 509 5084 M.
531 5017 681 5084 Paulus
704 5018 982 5103 Sotwosflteym
1006 5021 1047 5084 de
1071 5019 1234 5104 Gorlitz,
1257 5021 1298 5083 Μ.
1318 5021 1536 5086 Lodewicos
1559 5020 1857 5153 lonpschneydcr
1885 5001 1927 5044 ¹⁸¹
1942 5001 1961 5043 ²·

1605 5121 1622 5173 3
