4724 6360
715 1218 816 1300 Anno
855 1237 964 1300 eodem
1002 1243 1032 1298 et
1066 1209 1115 1298 die
1145 1243 1332 1320 assumptus
1362 1241 1413 1298 est
1443 1234 1593 1317 Magister
1624 1235 1805 1300 iohrtnnes
1834 1231 2029 1300 kwswerdt
2063 1235 2106 1300 de
2133 1249 2153 1294 2.

723 1341 990 1426 Weystcnstadt
1018 1343 1057 1405 ad
1090 1341 1242 1426 legendas
1265 1343 1443 1405 sentencias
1467 1337 1498 1404 in
1525 1359 1614 1404 sacra
1638 1341 1805 1424 theologia
1829 1347 2030 1426 presentatus
2051 1361 2111 1426 per

716 1450 744 1514 d.
768 1450 927 1514 doctorem
952 1445 1223 1530 1119111111πά1
1246 1447 1552 1530 Mopdehtarpersem,
1573 1448 1660 1512 dedit
1684 1449 1703 1512 3
1727 1445 1757 1511 ss.
1781 1449 1814 1512 in
1840 1449 1940 1512 auro¹

714 1557 815 1638 Anno
848 1581 880 1638 et
912 1575 962 1638 die
996 1571 1115 1657 quibus
1146 1591 1243 1656 supra
1271 1571 1430 1656 Receptus
1455 1579 1503 1636 est
1536 1571 1687 1654 Magister
1720 1573 1876 1636 ioannes
1906 1573 2105 1654 waringen
2132 1589 2152 1632 a.

715 1681 754 1745 ad
777 1681 928 1766 legendas
951 1681 1129 1745 sentencias
1151 1681 1184 1744 in
1209 1679 1489 1763 sacra-theologia,
1511 1685 1713 1764 presentatus
1736 1697 1791 1764 per
1813 1679 1977 1746 dominum
1998 1680 2109 1744 docte

715 1808 782 1853 rem
806 1787 1013 1853 ilementum
1039 1785 1243 1868 Oclrsenfartlr
1266 1793 1343 1850 tunc
1366 1785 1543 1866 Rectorem,
1565 1793 1596 1851 et
1615 1787 1713 1851 soluit
1735 1787 1767 1870 iij
1791 1785 1883 1850 tlon²

714 1897 816 1977 Auno
840 1919 873 1976 et
896 1912 946 1976 die
969 1917 1026 1976 eto.
1049 1911 1208 1996 Receptus
1232 1919 1281 1976 est
1304 1913 1456 1994 magister
1481 1905 1680 1976 Martinus
1703 1911 1883 1976 korbener
1906 1911 1946 1976 de
1968 1909 2104 1976 doblen
2131 1929 2152 1970 a.

717 2021 756 2084 ad
785 2019 960 2104 legendum
992 2039 1122 2082 cursum
1154 2019 1187 2081 in
1220 2019 1386 2100 theologia,
1416 2025 1619 2102 presentatus
1649 2039 1707 2102 per
1739 2019 1905 2083 dominum
1940 2017 2107 2082 doctorem

610 2223 628 2230 „„
678 2224 686 2230 ,
714 2125 870 2228 neuim
891 2125 1048 2208 maana
1070 2126 1107 2190 de
1128 2125 1284 2207 nannet
1307 2125 1402 2189 solun
1424 2127 1456 2209 nj
1480 2125 1511 2189 1.

714 2251 815 2335 Anno
827 2277 858 2338 et
869 2271 920 2334 die
936 2277 993 2336 cte.
1010 2277 1158 2354 receptus
1172 2275 1220 2334 est
1233 2269 1384 2352 magister
1397 2267 1618 2334 valentinus
1631 2267 1832 2334 hermanni
1843 2268 1890 2360 'de
1903 2267 2103 2335 uocatum
2131 2267 2152 2309 ⁵·

715 2377 835 2444 ordinis
859 2379 1084 2444 canonicorum
1107 2377 1302 2460 regularium
1327 2375 1433 2440 Sancti
1462 2377 1625 2458 augustini
1646 2376 1741 2440 frater
1764 2383 1797 2440 et
1819 2375 1974 2460 plebanus
2002 2377 2108 2441 sancti

716 2485 824 2548 thome
847 2485 881 2548 11
909 2484 1047 2568 liptaclt‘
1070 2484 1109 2548 ad
1133 2483 1306 2570 legendum
1330 2503 1459 2548 cursum
1493 2483 1526 2548 iu
1555 2483 1720 2565 theologia,
1743 2489 1945 2567 presentatus
1969 2503 2025 2568 per
2049 2483 2107 2546 dc·

716 2593 841 2654 minum
866 2589 1036 2658 Ductorem
1060 2589 1266 2656 &inanimum
1289 2589 1326 2654 de
1348 2588 1556 2672 11118111νῶ,
1578 2595 1609 2656 et
1632 2589 1730 2654 soluit
1753 2591 1772 2652 3
1796 2589 1826 2654 fl.
1850 2590 1890 2654 ad
1912 2589 2059 2656 liscuml

597 2756 629 2788 u
681 2777 686 2789 ·
714 2714 1492 2798 11110101111110811110111111
1518 2733 1643 2798 milium
1667 2733 1803 2797 militum
1828 2733 1867 2796 ad
1885 2733 2045 2800 licentiam
2067 2738 2103 2800 11
2131 2747 2151 2791 ⁶-

714 2840 961 2921 sacratheologia
992 2841 1125 2905 admissi
1153 2847 1185 2905 et
1211 2841 1370 2924 assumpti
1399 2845 1476 2904 sunt
1504 2839 1658 2926 Magister
1682 2838 1867 2922 Georgius
1889 2839 2108 2907 Dotltonius

715 2947 1017 3030 Meininpensa's,
1041 2953 1242 3032 presentatus
1265 2969 1321 3033 per
1345 2947 1373 3012 d.
1405 2947 1565 3012 doctorem
1599 2946 1806 3012 monimum
1829 2947 2034 3032 ccksmfortt,
2066 2947 2108 3014 ut

715 3055 866 3136 magister
894 3053 1038 3118 Paulus
1068 3055 1315 3138 stoffhcym
1340 3053 1603 3138 portinensis,
1630 3059 1833 3138 presentatus
1856 3073 1913 3140 per
1936 3056 2107 3122 dominum

716 3161 876 3226 doctorem
899 3161 1054 3226 mmmm
1076 3162 1232 3244 henninglc
1255 3163 1292 3226 de
1313 3161 1436 3246 heyam,
1460 3163 1584 3245 primus
1607 3167 1807 3245 presentatus
1831 3162 2017 3246 collegiatus
2040 3164 2106 3228 eol·

714 3267 787 3352 legii
816 3270 977 3352 principis,
1006 3271 1053 3332 2⁰·
1076 3269 1261 3352 collegiatus
1289 3269 1420 3352 Collegii
1444 3269 1585 3332 minoris.
1630 3265 1726 3331 Dedit
1747 3267 1897 3352 Magister
1919 3269 2107 3352 Meininpen

716 3375 861 3459 quinque
890 3373 957 3438 flor.
986 3378 1020 3440 11
1051 3396 1141 3458 auro,
1168 3375 1321 3442 Similiter
1350 3375 1429 3459 lllgr.
1453 3373 1577 3456 psaltas
1601 3373 1712 3456 perlita
1742 3375 1838 3440 soluit
1866 3377 2011 3461 quinque
2033 3376 2103 3441 flor.

714 3483 802 3546 ren.⁶

604 3661 640 3694 ov.
683 3682 689 3694 .
716 3607 818 3690 Anno
854 3625 974 3689 domini
1004 3627 1088 3690 1510
1120 3627 1198 3691 teris
1228 3633 1318 3692 sexta
1350 3633 1423 3711 post
1445 3626 1688 3710 presentationis
1710 3626 1941 3710 gloriosissime
1964 3629 2100 3711 virginis
2127 3641 2148 3682 ⁷-

716 3733 816 3796 marie
839 3739 987 3817 receptus
1016 3739 1065 3796 est
1083 3733 1123 3797 ad
1147 3733 1320 3818 legendum
1345 3733 1483 3798 Cursum
1507 3733 1541 3794 11
1565 3732 1724 3817 theologia
1746 3731 1932 3816 Spectabilis
1955 3741 1987 3798 et
2009 3734 2098 3819 Mag-

715 3838 832 3904 nificus
858 3841 909 3904 vir
937 3841 1087 3906 dominus
1108 3845 1245 3922 petrus
1272 3841 1386 3905 wirdt
1412 3840 1454 3904 de
1481 3837 1724 3922 lewenberglc,
1746 3859 1802 3924 pro
1827 3845 1905 3904 tunc
1928 3841 2009 3908 alme
2033 3844 2103 3906 vni-

611 3972 615 3977 ·
715 3947 1009 4016 uersitatisnostre
1031 3947 1159 4024 secur,
1181 3955 1383 4032 presentatus
1404 3967 1462 4032 per
1481 3945 1508 4009 d.
1533 3944 1690 4010 doctorem
1709 3948 1912 4014 martinum
1930 3949 1972 4012 de
1989 3949 2103 4032 hyrst-

712 4053 842 4136 perpe,
865 4061 906 4123 st.
918 4056 1025 4122 soluit,
1040 4061 1105 4123 tres
1126 4056 1216 4122 ilor.⁷
1234 4055 1414 4122 Reneuses.

709 4268 927 4286 W

712 4411 715 4416 '
825 4411 843 4478 ¹)
862 4411 1018 4479 1111311.
1037 4412 1069 4464 in
1092 4427 1164 4464 aare
1183 4413 1272 4480 spdter
1290 4411 1475 4482 hinzugeliigt.

823 4499 844 4568 ⁸)
862 4505 889 4554 et
906 4500 993 4554 soluit
1010 4499 1044 4567 tn·
1061 4501 1127 4566 flor.
1147 4506 1237 4570 spstsr
1254 4502 1438 4572 hinaugetiigt.
1475 4499 1580 4556 Sbenso
1599 4501 1628 4554 in
1646 4499 1745 4556 Abanta
1764 4503 1789 4554 4.

823 4589 844 4658 ³)
864 4590 925 4644 Vou
944 4589 1056 4644 anderer
1073 4589 1154 4644 Hand
1173 4591 1289 4644 dariiber
1307 4591 1494 4660 gaschriebeu:
1514 4590 1606 4644 alias
1628 4589 1834 4658 Thaelleym.
1940 4643 1944 4648 ,

822 4679 844 4746 ⁴)
858 4678 967 4732 ordinis
985 4695 1013 4733 u.
1032 4693 1053 4732 s.
1073 4695 1105 4732 w.
1125 4695 1179 4732 rou
1198 4679 1339 4733 derselbeu
1357 4679 1437 4734 Hand
1455 4695 1499 4734 am
1517 4679 1616 4734 Raude.

715 4791 720 4820 ;
746 4785 762 4821 ·,
822 4767 1441 4838 ι)111111111.1.1.1111111111111111131

822 4858 845 4926 ⁶)
861 4856 1000 4911 ,Similiter
1017 4874 1044 4910 1.
1064 4859 1086 4911 s.
1106 4873 1139 4912 w.
1158 4873 1212 4911 von
1230 4857 1343 4912 auderet
1361 4857 1441 4912 Hand
1460 4857 1643 4927 hinaugeliigt

824 4946 844 5016 ⁷)
863 4951 918 5000 tres
935 4945 996 5014 flor.
1016 4949 1106 5016 spdter
1124 4945 1268 5017 siugeiiigt.
