4724 6360
482 1231 650 1307 consueta,
678 1226 759 1290 datis
785 1228 876 1328 prius
903 1229 1035 1312 prandio
1063 1233 1096 1293 et
1118 1229 1188 1311 alijs
1212 1247 1254 1292 ex
1278 1233 1395 1292 statuto
1425 1227 1541 1291 dabitis
1578 1226 1866 1310 Responsionoque
1996 1263 1998 1330 ᾖ

481 1331 611 1416 publiea
632 1353 692 1416 pro
716 1333 785 1396 loeo
808 1335 897 1398 faeta
1520 1327 1522 1330 ’

481 1439 610 1520 Eodem
633 1457 730 1520 Anno
753 1459 787 1520 in
812 1458 930 1540 Vigilia
951 1459 1087 1524 Joannis
1111 1467 1142 1524 et
1165 1460 1252 1544 pauli
1275 1465 1424 1544 receptus
1448 1467 1498 1524 est
1520 1460 1559 1523 ad
1583 1461 1742 1540 gremium
1763 1459 1863 1522 faoul·
1890 1471 1944 1514 Juni
1958 1472 1992 1516 25.

482 1565 555 1626 tatis
574 1563 748 1646 theologiae
768 1564 836 1628 doe.
855 1565 1100 1631 Hermaaaus
1120 1566 1237 1632 Cesar
1259 1567 1301 1630 de
1323 1565 1510 1648 stolberplo
1528 1565 1691 1648 soluitque
1711 1565 1865 1629 soluenda

482 1675 513 1734 ot
531 1671 656 1752 jurauit
674 1672 813 1774 juranda
836 1673 928 1738 solita
951 1679 983 1738 et
1006 1680 1168 1739 consueta.
1238 1722 1241 1728 ·
1803 1669 1805 1674 ’

397 1845 404 1856 .
449 1843 454 1854 .
482 1777 583 1858 Anno
606 1796 718 1860 eodem
742 1798 895 1862 vicesima
923 1799 974 1862 die
997 1799 1117 1883 Aprilis
1142 1800 1181 1863 ad
1205 1793 1384 1864 Sententias
1407 1789 1698 1883 legendasreoopti
1722 1765 1800 1861 sunt
1822 1797 1863 1860 M.
1891 1810 1954 1865 Arffl
1968 1811 2002 1856 20·

479 1899 654 1966 nicolaus
684 1902 769 1982 apel
796 1905 837 1968 de
860 1905 1177 1987 Kaaipt'shoffaa,
1209 1907 1249 1970 M.
1271 1908 1470 1990 properius
1493 1905 1716 1986 brepteultop
1740 1904 1787 1998 de¹
1803 1903 1865 1968 ko-

479 2009 571 2089 uita,
594 2012 767 2093 presentati
790 2030 847 2095 per
870 2012 948 2076 doct.
977 2011 1107 2094 Hapais
1129 2019 1161 2078 ot
1180 2013 1387 2095 preastlauia.

477 2115 603 2197 Eodem
628 2154 715 2198 anuo
739 2137 773 2198 in
796 2136 936 2220 profesto
960 2139 1042 2221 petri
1066 2145 1097 2202 et
1118 2138 1204 2222 pauli
1228 2138 1267 2201 ad
1291 2137 1463 2220 legendum
1488 2157 1622 2201 cursum
1646 2139 1680 2201 in
1704 2137 1864 2216 theologia
1888 2148 1943 2190 lani
1956 2149 1990 2193 Β,

480 2243 636 2326 assumpti
660 2249 737 2307 sunt
759 2243 801 2307 M.
823 2242 971 2323 Caspar
990 2244 1110 2326 puttel
1132 2245 1174 2308 de
1195 2247 1348 2322 retacta,
1376 2245 1417 2308 M.
1448 2243 1711 2324 cristophorus
1734 2242 1867 2308 bochar
1977 2253 1980 2258 ’

479 2347 516 2411 de
530 2348 691 2427 plumea,
711 2349 752 2412 M.
773 2351 937 2416 Ioannes
956 2351 1168 2434 lausehla'ap
1190 2353 1231 2416 de
1248 2351 1567 2432 sriokaalaaasseu,
1587 2351 1681 2415 frater
1699 2352 1740 2418 Io
1750 2369 1867 2415 aanor

479 2455 520 2519 da
546 2455 814 2539 waltoarydea
842 2459 961 2522 ordinis
990 2459 1260 2534 cistercienssinm',
1288 2461 1460 2543 presentati
1487 2478 1545 2542 per
1577 2459 1657 2522 doet
1677 2457 1812 2539 paulam
1834 2461 1865 2520 ot

478 2562 653 2644 hirstbenok.

479 2669 579 2751 Anno
604 2689 716 2754 eodem
738 2689 817 2754 feria
843 2691 887 2752 61⁸
910 2698 982 2775 post
1003 2693 1135 2755 Ioannis
1153 2692 1296 2776 Baptista
1315 2692 1353 2755 ad
1373 2691 1554 2755 Sententias
1573 2690 1724 2774 legendas
1743 2693 1862 2774 recepti
1888 2715 1943 2760 runt
1956 2707 1992 2760 aa:

481 2801 555 2859 sunt
573 2795 614 2859 M.
634 2795 834 2862 Araoldas
852 2796 1068 2878 wasteufelt
1089 2798 1130 2862 de
1153 2796 1295 2862 liadaw
1325 2805 1357 2862 et
1379 2798 1420 2862 M
1444 2795 1704 2879 wolfspaapus
1731 2797 1864 2879 soleya-

480 2901 580 2966 dalet·
602 2903 645 2966 de
668 2903 803 2982 cubito,
826 2907 999 2988 presentati
1022 2924 1079 2988 per
1101 2905 1181 2969 doct.
1201 2904 1408 2987 preustlaat'a.
1496 2949 1498 2952 -

479 3097 579 3180 llnno
598 3118 718 3202 dominj
738 3117 826 3186 1507
845 3121 879 3183 in
898 3119 1006 3204 vigilia
1025 3121 1126 3183 sancti
1146 3121 1252 3183 thome
1271 3119 1311 3183 de
1330 3120 1461 3202 Aquino
1481 3118 1712 3203 adlegandum
1732 3127 1864 3200 cursum
1892 3144 1974 3214 150a³

479 3224 512 3286 in
536 3225 696 3309 theologia
718 3229 873 3311 assumpti
897 3233 973 3290 sunt
996 3225 1090 3290 Pater
1112 3225 1354 3290 Hermaaaas
1377 3224 1479 3290 Rabe
1501 3225 1596 3290 frater
1619 3226 1739 3290 ordinis
1762 3226 1864 3310 predi·
1891 3201 1983 3244 Μ’

479 3337 632 3412 catorum,
665 3331 706 3395 M.
748 3331 1042 3414 Chrisloplroras
1075 3332 1270 3399 Sertorius
1302 3333 1343 3396 de
1372 3331 1404 3397 S.
1440 3330 1566 3410 Gallo,
1600 3333 1642 3396 M.
1676 3333 1864 3418 conradus

476 3437 655 3518 parlardi
684 3441 726 3505 de
755 3439 907 3523 Salfelt‚
936 3441 978 3506 M.
1016 3439 1239 3520 Wolpaapas
1269 3438 1458 3504 Wiaokler
1488 3440 1530 3504 de
1552 3438 1668 3521 Epeo,
1691 3442 1864 3524 presentati

477 3564 534 3628 per
557 3533 637 3610 doot
666 3535 889 3628 Oolastenfardt.
1068 3538 1069 3541 ¹
1507 3639 1516 3648 Ὢ
1609 3639 1611 3644 Α

478 3651 578 3734 Anno
603 3673 713 3736 eodem
738 3675 757 3735 2
782 3672 833 3738 dia
856 3675 977 3738 mensis
1000 3673 1109 3757 aprilis
1131 3672 1171 3736 ad
1189 3692 1321 3737 cursum
1344 3673 1516 3756 legendum
1540 3673 1695 3756 assumpti
1720 3676 1796 3734 sunt
1819 3670 1861 3733 M.
1889 3697 1950 3752 astu
1965 3697 1986 3742 a.

478 3775 692 3844 laurentius
714 3778 835 3861 nazary
854 3781 895 3844 de
917 3779 1101 3862 friberyaa
1124 3779 1166 3843 M.
1190 3778 1352 3843 Blaesius
1374 3776 1588 3844 heatasohel
1610 3778 1652 3841 de
1668 3777 1862 3856 milwedt's,

478 3888 652 3968 presentati
683 3905 740 3970 per
769 3888 850 3951 doot.
881 3887 1046 3952 Malloeam
1074 3886 1213 3969 Raparia,
1241 3886 1283 3950 M.
1314 3887 1516 3950 *Ioannes
1539 3883 1798 3966 Brepteabaelt
1820 3884 1864 3948 de

477 3989 638 4074 lyptepla‚
660 3999 861 4077 presentatus
884 4013 942 4078 per
965 3994 1124 4059 doctorem
1143 3994 1336 4076 ochsteatart.

476 4098 577 4180 Anno
607 4118 718 4182 eodem
746 4121 779 4182 in
809 4118 859 4182 die
887 4121 971 4201 nerej
1001 4125 1032 4183 et
1058 4118 1180 4201 achillej
1205 4119 1243 4181 ad
1266 4119 1429 4182 licentiam
1452 4118 1487 4180 in
1510 4117 1670 4201 theologia
1698 4117 1858 4184 admissus
1884 4141 1928 4184 aa
1943 4142 1976 4187 n.

476 4231 525 4287 est
546 4224 588 4287 M.
613 4223 816 4290 Bertoldus
845 4224 1126 4289 Hammerstede
1153 4225 1195 4288 de
1219 4224 1490 4306 paudersheym
1520 4230 1555 4290 et
1584 4224 1684 4290 soluit
1716 4226 1861 4309 quinque

475 4329 614 4396 florenos
637 4332 676 4395 ad
699 4333 834 4396 viscum.
1581 4333 1583 4336 ’

382 4459 386 4468 ’
476 4437 605 4519 Eodem
629 4475 713 4520 anno
741 4459 776 4521 in
798 4457 918 4540 Vigilia
945 4458 1041 4521 allexi
1070 4477 1133 4541 quo
1160 4457 1222 4520 fuit
1252 4457 1290 4519 17
1322 4456 1401 4539 Julij
1431 4457 1472 4519 ad
1502 4455 1686 4523 Santonoias
1711 4462 1859 4540 receptus
1885 4480 1931 4522 suu
1945 4481 1981 4524 aa.

477 4567 524 4625 est
546 4561 587 4625 M.
611 4561 780 4628 Joanaes
803 4563 1023 4645 teaselaliup
1046 4564 1087 4630 de
1110 4563 1431 4645 frielrealrausseu,
1459 4568 1660 4646 presentatus
1689 4581 1749 4648 ¹per
1780 4564 1860 4627 doct

475 4668 614 4752 paulum.
1659 4684 1669 4691 ·’
1749 4683 1752 4688 “
1773 4685 1775 4688 ·

585 4899 604 4967 ¹)
622 4905 745 4968 retreat,
764 4902 815 4954 wia
833 4917 863 4954 os
882 4901 996 4969 soheint,
1017 4904 1118 4970 spitar,
1137 4903 1201 4956 aber
1215 4918 1268 4956 von
1290 4901 1433 4965 narselben
1452 4899 1544 4968 Hand,
1567 4900 1594 4952 in
1622 4901 1682 4953 aina
1700 4899 1792 4952 Liioka
1815 4917 1860 4970 ge·

477 4987 626 5043 mhrioben.
