4724 6360
497 1241 597 1322 heym
620 1241 662 1304 dc
679 1239 839 1304 rooblita
858 1239 986 1304 Ordinis
1005 1240 1241 1304 Canonicorum
1260 1238 1460 1322 regularium
1479 1237 1585 1301 Sancti
1604 1237 1769 1319 augustini
1787 1237 1882 1300 irater

498 1355 528 1410 et
554 1346 710 1430 plebanus
740 1345 846 1410 Sancti
874 1347 979 1410 thome
1006 1347 1040 1409 in
1064 1345 1177 1430 liptzl,
1203 1351 1406 1428 presentatus
1429 1363 1486 1428 per
1509 1345 1669 1407 doctorem
1699 1342 1882 1407 Vdalricum

492 1453 606 1533 paster
629 1453 773 1516 eiusdem
797 1452 919 1516 ordinis
942 1452 1114 1537 plebanum
1140 1451 1248 1516 Sancti
1271 1449 1880 1536 11100101,ε1ρο1οτ00ορ01901101,

497 1559 584 1623 filius
608 1564 789 1622 conuentus
812 1561 1014 1623 monacensis
1038 1559 1157 1623 ordinis
1180 1560 1408 1622 heremitarum
1433 1556 1540 1622 Sancti
1559 1558 1733 1642 augustini,
1752 1575 1881 1640 presen-

498 1672 584 1730 tatus
607 1685 663 1750 ρετ
685 1665 859 1750 Egregium
883 1665 1049 1729 dominum
1080 1665 1241 1729 doctorem
1270 1664 1447 1729 Mattharm
1472 1663 1823 1746 malleacensem,
1852 1669 1884 1726 et

499 1772 634 1857 quilibet
657 1772 753 1835 solvit
775 1774 920 1856 quinque
942 1771 973 1836 fl.
997 1773 1035 1836 ad
1058 1772 1181 1836 fiscum.

437 1915 473 1958 aa.
501 1879 601 1960 Anno
622 1897 744 1960 domiui
770 1917 834 1980 qno
859 1917 957 1980 snpra
982 1897 1033 1961 die
1052 1896 1163 1962 Martis
1185 1898 1225 1961 18
1249 1898 1369 1961 mensis
1397 1895 1594 1960 Nouembris
1618 1896 1774 1979 assumpti
1805 1899 1881 1958 sunt
1907 1910 1965 1955 nov.
1981 1911 2014 1953 τε.

500 2003 689 2086 magnificus
699 2009 731 2068 et
739 2003 937 2068 venerabiles
947 2005 1009 2067 viri
1028 2011 1059 2068 et
1078 2004 1198 2068 domini
1208 2003 1353 2087 Magistri
1371 2003 1401 2068 J
1400 2002 1565 2067 obaaaea
1583 2003 1733 2084 Laaper
1751 2021 1790 2066 aa
1805 2000 1883 2065 Pol·

500 2109 670 2192 aeaaaya
697 2109 793 2174 Alme
815 2111 1035 2175 vniuersitatis
1058 2111 1153 2194 studij
1184 2112 1286 2174 nostri
1315 2109 1430 2174 Rector
1457 2111 1495 2173 ad
1520 2109 1657 2173 Cursum
1682 2115 1713 2172 et
1734 2107 1885 2191 Magister
1936 2135 1940 2143 ·

501 2217 673 2280 Mallias
701 2215 1010 2300 Bratsclraeyder
1040 2219 1082 2282 dc
1109 2218 1282 2300 primoris
1315 2215 1444 2300 Collegij
1478 2216 1634 2281 Bernardi
1667 2217 1813 2300 prouisor
1845 2215 1884 2278 ad

501 2323 670 2408 legendum
695 2326 876 2388 sentencias
894 2319 931 2387 'in
958 2343 1046 2389 sacra
1069 2325 1237 2408 theologia,
1259 2325 1432 2408 presentati
1455 2343 1512 2408 ρετ
1535 2325 1701 2388 dominum
1725 2323 1884 2386 doctorem

501 2429 682 2494 Martinam
700 2429 859 2513 taratara,
876 2436 907 2495 et
926 2431 1062 2514 quilibet
1081 2451 1191 2495 eorum
1206 2431 1304 2495 soluit
1316 2437 1380 2495 tres
1393 2430 1532 2495 llorenos
1546 2433 1580 2494 in
1596 2449 1673 2494 auro
1688 2429 1727 2493 ad
1741 2427 1883 2494 fiscum¹

441 2671 476 2716 ³²·
505 2645 607 2726 Anno
631 2663 754 2726 domini
777 2661 862 2730 1517
887 2661 947 2728 Die
965 2662 1093 2728 Sabbati
1111 2661 1243 2728 Decima
1265 2665 1387 2728 mensis
1405 2663 1549 2746 Jannarij
1574 2663 1729 2746 assumpti
1752 2661 1884 2726 suntad
1912 2675 1983 2722 aar.

501 2769 670 2854 legendum
696 2789 826 2834 cursum
855 2771 889 2832 in
913 2769 1187 2854 Sacratheologia²
1216 2771 1414 2834 venerabiies
1441 2777 1546 2854 patres
1569 2770 1665 2833 frater
1691 2768 1884 2833 Jobaaacs
1909 2747 1960 2791 ³²¹²·
1975 2747 2008 2790 ¹⁰·

503 2875 646 2958 lobleya
669 2898 711 2941 ea
733 2875 985 2958 Oahseafartb
1004 2882 1035 2940 et
1053 2877 1150 2941 frater
1166 2874 1427 2959 Wolffpaapas
1449 2875 1534 2959 fock
1552 2877 1593 2940 de
1610 2879 1731 2940 maala
1750 2874 1886 2940 Sancte

502 3004 597 3048 aaac
619 2981 748 3047 Ordinis
771 2983 1003 3067 predicatorum
1029 2983 1159 3066 Cenobij
1184 2981 1292 3047 Sancti
1320 2984 1407 3067 pauli
1437 2985 1471 3047 in
1498 2983 1607 3069 liptzk,
1634 2984 1807 3068 presentati
1830 3002 1885 3066 per

501 3088 677 3154 Dominum
701 3089 861 3154 doctorem
884 3090 1091 3156 bermaaaam
1112 3091 1170 3154 rab
1194 3091 1339 3154 eiusdem
1362 3091 1482 3156 ordinis
1505 3091 1738 3175 prouintialem
1768 3096 1799 3154 et
1822 3089 1884 3153 sol-

502 3205 619 3261 uerunt
642 3199 747 3261 statim
772 3197 811 3260 ad
833 3197 948 3261 liscum
973 3197 1109 3282 quilibet
1132 3205 1195 3262 tres
1218 3195 1285 3260 ilor.
1309 3199 1343 3260 in
1367 3217 1453 3262 auro.

366 3339 408 3384 ni.
423 3323 476 3383 aab·
505 3304 604 3385 Anno
629 3322 752 3385 domini
775 3321 1050 3388 1518D10Lun0
1073 3325 1105 3385 in
1130 3323 1265 3406 profesto
1289 3328 1474 3388 sanctorum
1498 3324 1578 3408 petri
1597 3329 1629 3386 et
1651 3321 1739 3406 pauli
1762 3325 1884 3404 aposto-
1910 3326 1984 3410 ame.

440 3413 475 3454 ³³
503 3429 608 3493 lorum
632 3430 734 3512 xxviij
763 3431 885 3494 mensis
906 3429 996 3514 Junij
1026 3432 1182 3515 assumpti
1210 3437 1288 3495 sunt
1315 3431 1353 3494 ad
1370 3431 1551 3514 legendum
1580 3448 1711 3494 cursum
1740 3429 1772 3492 in
1798 3445 1886 3491 sacra
1912 3399 1964 3441 Μ
1978 3398 2012 3442 ae'

505 3535 659 3613 theologia
683 3535 892 3601 Venerabiles
919 3539 1035 3602 viriet
1064 3539 1187 3602 domini
1217 3539 1359 3621 Magistri
1390 3535 1564 3601 Valerius
1592 3536 1820 3617 Rosaahapa
1844 3555 1887 3598 ea

505 3641 696 3706 Badissia
725 3642 907 3708 Canonicus
937 3643 1066 3722 ibidem,
1096 3643 1292 3709 Baltasar
1321 3645 1460 3725 doriap
1489 3665 1505 3708 o
1538 3642 1748 3724 koasperplc
1774 3642 1885 3723 fraa-

505 3750 623 3826 coar'e,
650 3747 846 3814 Corradus
869 3743 1008 3814 Balacri
1028 3773 1071 3815 aa
1096 3750 1214 3815 Caria
1236 3751 1277 3815 Et
1302 3751 1488 3833 Georgius
1510 3751 1639 3816 barich
1668 3749 1886 3832 hapacasis,

505 3857 676 3939 presentati
708 3875 765 3940 per
797 3859 944 3922 dominos
976 3859 1118 3923 doctores
1145 3861 1268 3943 primus
1300 3877 1357 3943 ρετ
1385 3858 1412 3922 d.
1437 3857 1572 3938 paulurn
1605 3856 1789 3937 Saoffbcym
1819 3875 1887 3934 por-

505 3960 673 4039 litaeaacra
701 3961 870 4028 Secundus
898 3972 930 4029 et
959 3969 1072 4030 tertius
1102 3985 1158 4050 ρετ
1185 3967 1214 4030 (1.
1239 3967 1398 4030 doctorem
1426 3966 1632 4030 hieronimum
1661 3961 1887 4044 chsseafardt

506 4067 645 4144 Quartus
669 4087 745 4134 vero
770 4089 826 4154 ρετ·
849 4072 878 4134 d.
900 4072 1058 4136 doctorem
1083 4073 1260 4138 Mattbeam
1281 4073 1415 4155 hmaiplc
1436 4072 1631 4154 bayawascnr,
1655 4070 1697 4134 Et
1720 4069 1889 4134 soluerunt

505 4194 561 4259 pro
593 4175 692 4240 fisco³
732 4176 883 4261 Magister
917 4177 1062 4245 Valerios
1099 4180 1248 4244 videlicet
1283 4187 1349 4244 tres
1381 4179 1533 4260 florenos,
1565 4180 1713 4262 Magister
1746 4175 1888 4258 georgius

504 4281 603 4346 aaran
625 4291 689 4347 tres
712 4283 860 4364 florenos,
891 4285 1042 4368 Magister
1076 4284 1240 4351 Ooaradas
1272 4287 1372 4350 soluit
1402 4294 1467 4351 tres
1498 4286 1636 4350 florenos
1667 4284 1708 4348 nt
1739 4284 1890 4366 magister

504 4387 659 4452 Baltasar
682 4391 719 4454 da
740 4391 928 4475 aaastparplc
950 4401 1016 4456 tres
1039 4392 1176 4457 florenos
1199 4412 1256 4476 pro
1279 4392 1364 4456 fisco.

442 4533 470 4575 aa
504 4495 605 4577 Anno
648 4533 713 4597 quo
751 4535 847 4600 supra
883 4516 943 4580 Die
984 4519 1095 4580 martis
1131 4517 1233 4580 'lertia
1265 4519 1385 4582 mensis
1417 4519 1546 4601 augusti
1582 4519 1651 4601 ipsa
1683 4515 1886 4580 quentionis
1913 4527 1972 4581 Aua·
1986 4529 2007 4572 ³·

506 4622 606 4684 sancti
635 4619 788 4705 Stephani
817 4631 1001 4708 assumptus
1029 4629 1077 4688 est
1104 4624 1144 4687 ad
1173 4625 1345 4708 legendum
1373 4643 1503 4688 cursum
1542 4626 1576 4688 in
1611 4641 1701 4702 sacra
1733 4622 1890 4704 theologia

615 4821 634 4888 ¹)
653 4825 680 4874 at
696 4818 811 4887 qualibet
827 4835 854 4873 u.
874 4835 895 4872 s.
916 4835 948 4874 w.
968 4821 1058 4887 spdter
1075 4819 1259 4889 hinzngefdgt.

613 4907 635 4978 1)
658 4907 709 4962 Die
728 4907 794 4962 Hds.
814 4907 896 4960 hietat
916 4907 1147 4976 Sacretlccologia.

612 4997 634 5067 ⁸)
658 4997 714 5052 Das
732 4996 866 5068 Folgande
883 4995 927 5050 bis
946 5011 1008 5052 zum
1028 4997 1127 5052 abacta
1146 4999 1235 5066 aplter
1253 4995 1310 5051 und
1327 5011 1382 5052 von
1399 4997 1512 5052 anderen
1529 4995 1609 5051 Hand
1627 4997 1804 5064 0118000300.
