4724 6360
833 1051 990 1057 .„--„-
1049 1014 1096 1089 17
1155 1048 1310 1056 -.-..

382 1237 430 1292 est
453 1228 494 1292 Μ.
529 1227 767 1292 Ilocroar'mns
799 1226 841 1289 dc
872 1225 1110 1306 ochsenfurt,
1142 1231 1342 1308 presentatus
1375 1245 1433 1309 per
1464 1227 1490 1287 d.
1521 1225 1698 1289 Johormem
1730 1224 1767 1287 do

381 1335 526 1417 dapnis.

380 1443 480 1532 Anno
514 1459 625 1522 eodem
654 1459 688 1520 in
722 1457 772 1520 die
801 1457 916 1521 Sancte
944 1458 1088 1524 lllizahet
1115 1459 1154 1522 ad
1183 1478 1316 1521 cursum
1345 1456 1516 1540 legendum
1545 1457 1578 1519 in
1607 1457 1765 1539 theologia
1793 1470 1850 1513 uov.
1866 1471 1899 1513 le.

381 1567 512 1630 admissi
537 1571 612 1629 sunt
635 1565 676 1627 M.
700 1563 754 1628 Jo.
779 1568 902 1645 tropor
925 1565 967 1628 de
989 1565 1086 1648 frost,
1105 1565 1148 1630 M.
1172 1564 1423 1629 Sebastianus
1446 1562 1700 1644 Zopmmma,
1724 1563 1766 1626 Μ.

381 1673 620 1743 Hermarchus
660 1671 805 1752 koyster
841 1671 883 1734 dc
920 1671 1122 1754 stolberylo,
1162 1672 1335 1757 presentati
1375 1689 1431 1753 per
1463 1670 1491 1732 d.
1521 1668 1633 1750 perlita
1674 1676 1706 1733 et
1738 1670 1765 1733 d.

380 1779 502 1862 hoyois

384 2012 486 2092 Anno
511 2029 629 2111 dominj
658 2025 749 2094 1496
779 2029 813 2090 in
837 2033 951 2092 octaua
974 2030 1286 2110 visitationismarie
1309 2030 1359 2093 Ad
1382 2029 1552 2112 legendum
1578 2047 1709 2090 cursum
1732 2027 1764 2090 in
1790 1991 1879 2085 ἰωὰ,

382 2135 544 2219 theologia
566 2137 722 2219 assumpti
741 2141 818 2199 sunt
842 2134 882 2197 M.
902 2135 1078 2200 henricus
1102 2135 1287 2218 Eprrbeclr²
1311 2135 1352 2198 Μ.
1377 2135 1544 2200 Jacobus
1568 2133 1765 2197 illumina
1793 2111 1872 2155 '³¹³⁹'

382 2241 476 2305 loris
498 2241 540 2306 dc
563 2241 716 2322 liptrpla
739 2243 911 2326 presentati
935 2261 992 2325 per
1015 2242 1175 2306 doctorem
1198 2241 1376 2306 Jonoooom
1399 2243 1436 2306 do
1457 2242 1579 2322 tupris.

381 2347 482 2429 Anno
506 2367 618 2432 eodem
643 2373 674 2430 et
705 2367 755 2431 die
778 2367 818 2430 ed
837 2367 1017 2431 Sententiae
1036 2365 1185 2450 legendus
1208 2387 1264 2450 pro
1284 2367 1385 2430 forma
1408 2367 1562 2450 assumpti
1583 2374 1615 2429 et
1637 2365 1767 2428 admissi

383 2479 458 2536 sunt
487 2473 528 2536 ld.
559 2474 726 2538 Jooooos
751 2478 978 2553 protectorer
1008 2474 1051 2538 de
1080 2473 1204 2537 cubito
1228 2477 1260 2537 et
1282 2473 1323 2536 Μ.
1348 2473 1590 2538 Hermonaus
1614 2471 1768 2553 Kepster

382 2579 424 2642 de
446 2579 634 2663 Stolderp‚
656 2581 828 2666 presentati
852 2600 909 2664 per
932 2581 1000 2644 doc
1028 2579 1164 2662 Hayars.

383 2685 483 2768 Anno
513 2705 622 2769 eodem
638 2708 684 2770 vin
712 2705 851 2790 profesto
880 2705 987 2769 Sancti
1011 2705 1138 2768 Martini
1167 2706 1206 2769 ad
1234 2707 1392 2790 gremium
1422 2689 1600 2796 doctorum
1616 2709 1762 2786 receptus
1790 2727 1848 2772 mv.
1865 2729 1898 2772 ιο.

382 2819 429 2874 est
446 2809 607 2876 Dominus
630 2813 741 2878 doctor
766 2811 912 2876 Pontus
935 2810 1082 2877 Schilor
1105 2813 1147 2876 de
1164 2811 1342 2892 plarooaa
1365 2814 1411 2877 sic
1435 2812 1519 2896 quod
1545 2811 1640 2875 debet
1662 2811 1767 2908 legere
1823 2807 1825 2812 ’

254 2927 259 2932 ’
382 2919 414 2980 in
431 2912 606 3002 ¹theologia
628 2921 738 2984 ordine
762 2937 822 2984 suo
845 2933 903 3003 per
927 2920 1191 3002 quadriennium,
1215 2919 1450 3002 antequemad
1474 2920 1646 2983 consilium
1667 2918 1766 2980 facul-

384 3026 456 3090 tetis
480 3027 659 3110 recipiatur.

381 3203 481 3284 'Anno
495 3222 627 3286 'domini
651 3229 708 3287 etc.
733 3221 795 3290 991
820 3223 871 3286 die
892 3225 933 3285 22
953 3225 1073 3286 mensis
1094 3223 1242 3304 februarii
1267 3222 1427 3306 Receptus
1451 3227 1501 3286 est
1519 3223 1556 3285 ad
1581 3222 1763 3286 facultatem
1790 3244 1865 3293 nas.

382 3329 590 3413 theologicam
623 3351 652 3392 v.
687 3331 836 3393 dominus
869 3335 900 3393 et
932 3329 1082 3412 Magister
1109 3329 1286 3394 Andreas
1317 3330 1475 3411 tristarer
1507 3329 1549 3392 de
1579 3327 1764 3392 waasidel
1791 3317 1903 3360 ΝΜ

382 3435 538 3520 datusque
557 3443 605 3500 est
623 3438 652 3500 ei
675 3434 765 3505 locus
782 3439 866 3502 inter
880 3437 1031 3500 doctores
1051 3437 1231 3516 secundum
1248 3436 1381 3500 Senium
1405 3437 1458 3499 sui
1477 3435 1657 3499 doctoratus
1675 3439 1767 3498 iuxta

381 3542 513 3606 laudum
536 3544 620 3607 inter
642 3543 894 3608 Vniuersitetem
919 3550 950 3607 et
977 3545 1084 3627 ipsum
1103 3543 1245 3607 factum²
1268 3562 1325 3626 per
1352 3563 1380 3604 v.
1410 3542 1575 3605 dominum
1605 3543 1765 3605 doctorem

381 3649 548 3732 atriusque
571 3649 662 3714 Juris
685 3649 898 3732 Hermaeum
917 3650 997 3732 podo
1019 3650 1057 3714 de
1079 3649 1299 3714 tauerner

298 3935 304 3946 .
350 3935 355 3945 .
388 3883 400 3919 ⁴
432 3862 532 3944 Auno
557 3881 675 3964 dominj
700 3881 785 3948 1497
806 3867 923 3965 'quinte
941 3883 1018 3946 ferie
1040 3888 1111 3966 post
1133 3881 1231 3945 Lucia
1255 3883 1293 3944 ad
1318 3901 1451 3950 cursum
1475 3882 1508 3942 in
1543 3881 1699 3964 theologia
1723 3881 1765 3943 le·
1794 3905 1873 3954 uer.

379 3987 522 4070 gendum
550 3995 733 4072 assumptus
756 3995 805 4053 est
829 3988 869 4051 Μ.
892 3987 1070 4053 nicolaae
1092 3989 1134 4053 de
1159 3988 1356 4069 herbipoli,
1385 3994 1586 4071 presentatus
1615 4007 1671 4071 per
1695 3988 1762 4050 doc.
1790 3978 1842 4022 ⁰⁰²·
1859 3983 1892 4025 ¹⁷·

380 4113 519 4158 waren.
1448 4113 1449 4118 κ

489 4325 508 4392 ¹)
527 4325 582 4380 Das
600 4325 667 4380 Jahr
684 4327 721 4380 iat
739 4325 844 4394 richh'g,
864 4325 911 4380 der
928 4324 1041 4394 Eintrug
1059 4326 1189 4380 demncch
1208 4343 1241 4380 aa
1260 4325 1424 4395 unrichtiger
1442 4325 1524 4380 Stelle
1544 4325 1702 4393 geschehen

487 4413 507 4483 ⁵)
527 4413 553 4468 S.
574 4415 621 4469 des
639 4415 809 4468 Altonstiicl
828 4431 892 4469 vom
912 4413 953 4468 23.
973 4413 1048 4468 Febr.
1069 4415 1137 4469 1499
1157 4415 1197 4468 bei
1219 4415 1313 4468 stuba
1331 4415 1356 4468 S.
1377 4414 1507 4468 nee-58.

486 4503 507 4572 ⁸)
526 4503 662 4572 Heuniap
684 4503 761 4558 Gddc
784 4503 880 4570 (uode,
900 4504 1001 4574 (leden)
1021 4504 1151 4558 vielmehr
1174 4521 1224 4559 aus
1243 4505 1361 4559 Werbeu
1391 4503 1432 4557 bei
1451 4504 1613 4573 Hooelbcrp,
1632 4505 1665 4558 D.
1692 4521 1716 4558 u.
1742 4502 1763 4571 j.

380 4593 435 4646 und
454 4591 575 4663 llitglied
593 4593 640 4646 der
658 4593 779 4646 Erfurter
797 4593 1029 4650 dunstenfacultht
1048 4595 1099 4647 soit
1119 4594 1196 4648 1489.
1234 4593 1326 4648 marr
1344 4594 1392 4647 hat
1409 4609 1439 4646 er
1457 4597 1513 4647 emt
1532 4593 1601 4647 1509
1615 4593 1762 4664 verlassen,

381 4682 449 4735 1510
468 4681 538 4736 daun
557 4681 728 4736 belenntlich
747 4683 775 4735 iu
795 4682 964 4754 Wittenberg
982 4683 1131 4750 angestellt
1169 4683 1196 4738 8.
1216 4681 1339 4751 Matheo,
1357 4685 1389 4735 A.
1410 4683 1441 4736 Ι),
1461 4681 1492 4735 Β.
1512 4682 1562 4736 ΙΧ.

406 4791 407 4794 ’
485 4771 507 4840 ⁴)
525 4771 576 4824 Die
599 4770 698 4825 letzten
716 4771 773 4843 2¹l,
792 4771 819 4825 Z.
838 4787 891 4826 von
909 4771 950 4828 Bl.
970 4772 1023 4824 42¹0
1042 4771 1105 4826 leer.
1147 4771 1263 4826 Β1.43α
1293 4772 1415 4839 beginnt:
1445 4771 1648 4824 Facultates
1671 4770 1763 4822 Reci-

283 4893 285 4896 v
375 4859 504 4926 piatur.
542 4861 645 4914 Anno
664 4859 722 4916 97.
758 4861 814 4916 Des
832 4862 931 4914 Anao
951 4865 999 4928 97,
1019 4861 1135 4916 welches
1153 4862 1182 4914 in
1205 4862 1253 4916 der
1271 4861 1348 4915 Mitte
1373 4861 1419 4913 der
1437 4859 1508 4913 Zeile
1531 4859 1624 4913 stohen
1650 4862 1761 4927 mdeste,

379 4949 415 5004 iet
433 4947 553 5005 dadureh
572 4949 694 5006 ziemlich
712 4950 776 5005 weit
792 4951 862 5006 nach
880 4951 971 5006 rechts
989 4951 1110 5020 geriiclrt.
1532 5029 1549 5089 3
1624 5011 1628 5020 ,
