4724 6360
820 1017 1300 1106 ——35—-ss

367 1246 409 1290 cn
453 1225 726 1307 Weischcnscit,
766 1226 914 1308 Caspai·
937 1225 1109 1292 'ricichscl
1138 1229 1180 1292 da
1210 1227 1327 1305 leben,
1359 1228 1524 1294 Ioannes
1554 1251 1674 1294 scwar
1712 1231 1754 1294 de

374 1331 643 1416 Wynssheymm
666 1338 697 1396 et
721 1333 910 1400 lohannes
932 1334 1029 1416 locst
1047 1337 1089 1400 dc
1113 1334 1264 1415 Mamali,
1288 1354 1427 1419 quorum
1452 1338 1604 1419 magister
1629 1335 1754 1418 Caspar
1781 1315 1785 1324 ¹

367 1438 497 1505 dcichscl
512 1446 715 1524 presentatus
733 1446 780 1504 est
797 1460 853 1524 per
869 1445 1057 1526 magistrum
1075 1443 1240 1506 domiuum
1259 1441 1416 1508 doctorem
1434 1442 1616 1508 Martinam
1632 1443 1754 1508 Maien-

366 1545 468 1625 dorff¹
484 1546 687 1628 dehirssbcrp,
698 1547 749 1630 alij
767 1553 875 1613 autem
885 1556 949 1614 tres
964 1550 1137 1634 presentati
1153 1554 1230 1612 sunt
1244 1568 1299 1632 per
1315 1549 1493 1634 Egregium
1504 1550 1672 1614 domiuum
1683 1549 1754 1615 doc-

366 1659 467 1720 torem
485 1653 693 1718 hieronimum
715 1653 919 1736 ocimensarth.
954 1655 995 1718 Et
1014 1655 1151 1739 quilibet
1169 1655 1266 1720 soluit
1285 1661 1350 1722 tres
1368 1657 1400 1720 fi.
1419 1659 1455 1720 in
1474 1675 1551 1720 auro
1570 1656 1609 1720 ad
1628 1655 1753 1721 fiscum.

331 1964 336 1976 ·
365 1901 468 1984 finno
492 1921 614 1985 domini
638 1920 725 1990 1528
750 1923 791 1986 20
815 1921 936 1987 Mensis
959 1923 1033 2006 Maij
1059 1930 1245 2008 assumptus
1264 1929 1313 1987 est
1336 1924 1375 1987 ad
1398 1924 1565 1988 licenciam
1591 1925 1627 1986 in
1650 1943 1753 1987 sacra·
1780 1938 1861 1988 maa.

365 2027 522 2110 theologia
544 2029 739 2092 venerabilis
763 2031 812 2091 vir
834 2032 984 2112 magister
1006 2029 1194 2095 Iohannes
1217 2030 1327 2111 Kocst
1346 2030 1505 2112 theologie
1524 2029 1754 2108 baccalaurius
1780 2011 1824 2055 Μ
1837 2011 1871 2057 ²⁰·

364 2140 568 2218 presentatus
596 2155 655 2219 per
677 2137 843 2220 egregium
867 2138 973 2201 virum
1000 2137 1171 2202 Doctorem
1193 2137 1408 2220 hieronymum
1430 2136 1608 2217 ochsenfurt
1628 2137 1751 2200 arcium

365 2247 396 2304 et
414 2242 662 2326 sacretheologie
679 2243 900 2326 professorem.
947 2243 1052 2308 Soluit
1072 2245 1217 2328 quinque
1240 2243 1381 2309 florenos
1398 2263 1551 2308 renenses
1570 2243 1609 2306 ad
1628 2242 1752 2306 fiscum.

329 2411 335 2422 .
364 2348 494 2430 Eodem
518 2387 602 2432 anno
628 2369 669 2430 22
694 2367 814 2432 Mensis
833 2367 907 2452 Maij
927 2370 1072 2433 similiter
1095 2375 1278 2453 assumptus
1298 2370 1402 2432 estad
1422 2369 1590 2432 licenciam
1609 2369 1642 2430 in
1663 2386 1754 2431 sacra
1779 2385 1823 2428 uo
1837 2386 1871 2430 aa.

364 2473 523 2556 theologia
536 2471 719 2558 Religiosus
738 2481 826 2560 pater
836 2476 1068 2558 Bonifacins
1086 2475 1324 2540 Bottensiein
1342 2497 1385 2540 en
1401 2475 1501 2540 arche
1519 2475 1750 2560 predicatorum

365 2579 485 2643 ordinis
508 2599 548 2642 ex
572 2588 736 2646 conuentu
760 2582 1043 2668 magdeburgensi,
1074 2588 1276 2667 presentatus
1306 2602 1364 2667 per
1386 2583 1558 2667 Egregium
1584 2583 1689 2646 virum
1722 2581 1750 2644 d.

364 2685 526 2750 doctorem
549 2685 770 2754 Hermonnnm
792 2689 881 2756 Rabc
899 2671 1129 2775 prouincialem
1150 2690 1295 2753 eiusdem
1316 2689 1445 2754 ordinis.
1483 2689 1587 2753 Soluit
1605 2690 1751 2773 quinque

363 2790 501 2856 florenos
527 2791 689 2860 Ranenses
711 2797 750 2860 ad
773 2797 896 2862 fiscum.

260 2967 265 2976 .
327 2949 333 2959 ·
362 2898 464 2980 Anno
484 2918 605 2982 domini
638 2927 696 2984 etc.
721 2923 762 2985 28
782 2924 917 3007 septimo
941 2924 1062 2986 mensis
1085 2924 1216 3005 augusti
1243 2929 1427 3006 assumptus
1456 2929 1504 2986 eat
1531 2922 1571 2985 ad
1602 2921 1752 3004 legendas
1779 2940 1837 2992 aug.
1853 2940 1873 2982 r.

328 3037 333 3048 ·
364 3025 539 3088 sententias
570 3027 761 3093 venerabilis
794 3031 945 3113 magister
978 3029 1166 3094 iohannes
1193 3049 1297 3112 prato
1326 3028 1386 3092 En
1415 3025 1643 3110 echisthcym,
1681 3049 1750 3112 pre·

365 3136 509 3196 sectatus
535 3151 593 3220 per
614 3133 790 3219 Egregium
819 3137 926 3200 virum
951 3135 1120 3201 Doctorem
1148 3135 1332 3217 ochsenfurt
1383 3136 1487 3200 Soluit
1518 3143 1584 3200 tres
1614 3133 1751 3200 florenos

363 3237 402 3300 ad
425 3235 540 3302 fiscum
564 3246 622 3304 eto.

330 3563 336 3574 .
364 3494 466 3578 Anno
500 3515 620 3597 dominj
645 3511 729 3580 1531
758 3512 808 3576 die
837 3512 960 3576 decima
983 3509 1105 3575 Mensis
1129 3510 1276 3574 Octobris
1308 3509 1378 3586 Qua
1407 3511 1470 3576 tuit
1502 3512 1570 3576 dies
1601 3511 1749 3591 gereonis
1775 3525 1846 3573 rear.

364 3621 495 3684 admissi
523 3627 600 3686 sunt
626 3625 658 3684 et
679 3619 797 3702 recepti
829 3618 869 3682 ad
895 3619 1057 3682 licentiam
1080 3617 1279 3681 venerabiles
1310 3619 1371 3681 riri
1398 3619 1544 3702 magistri
1576 3615 1750 3681 nicolaus
1777 3599 1825 3644 ⁰⁰*
1840 3601 1874 3644 ¹⁰·

363 3725 581 3811 bascharns,
609 3723 816 3790 Vdair‘icns
839 3723 1085 3788 Barchhardt
1106 3731 1138 3788 et
1161 3723 1312 3804 Uesper
1335 3724 1469 3808 deystei
1490 3727 1524 3788 in
1549 3743 1638 3787 sacra
1660 3724 1749 3787 theo-

363 3834 448 3918 logia
474 3833 661 3916 baccalaurij
690 3833 824 3896 formati.
869 3831 911 3896 Et
940 3837 1142 3916 presentatus
1169 3833 1292 3915 primus
1321 3832 1442 3896 scilicet
1471 3831 1624 3916 Magister
1652 3823 1777 3894 Nico?

363 3939 435 4006 laets
469 3939 650 4006 Bracheras
686 3959 743 4024 per
776 3937 949 4023 Egregium
983 3941 1089 4002 virum
1129 3937 1298 4003 Doctorem
1331 3939 1547 4021 menipenscm,
1585 3937 1749 4002 secundus

362 4050 439 4134 per¹
462 4049 621 4112 doctorem
646 4045 830 4127 ochsenfurt,
861 4051 893 4110 et
920 4047 1037 4110 tercius
1068 4047 1190 4110 scilicet
1221 4045 1371 4130 Magister
1400 4066 1516 4126 caspar
1546 4043 1665 4128 daysseh
1693 4063 1749 4128 per

363 4155 535 4238 Egregium
558 4156 664 4218 virum
698 4153 857 4217 doctorem
887 4151 1074 4217 ludowicnm
1101 4151 1352 4238 hanperasneyder.
1404 4152 1445 4216 Et
1473 4151 1609 4238 quilibet
1635 4171 1747 4216 eorum

363 4263 517 4346 imposuit
540 4262 685 4345 quinque
707 4259 847 4324 florenos
870 4260 904 4322 in
928 4279 1005 4322 auro
1029 4259 1069 4322 ad
1090 4258 1206 4324 fiscum
1217 4263 1238 4323 ³.

472 4528 492 4598 ¹)
510 4528 557 4582 Sol
594 4525 671 4580 Doch
689 4526 726 4580 ist
743 4541 777 4580 au
797 4527 858 4579 dam
878 4525 972 4581 Worte
992 4525 1124 4595 corrigirt.

469 4615 491 4686 ¹)
509 4615 560 4672 Die
578 4614 658 4670 Eds:
673 4630 726 4682 per
740 4630 800 4682 per.

469 4705 491 4776 ¹)
509 4704 576 4760 Hier
592 4721 645 4759 von
674 4703 813 4760 darselban
827 4703 915 4772 Hand,
934 4705 997 4760 aber
1015 4704 1064 4758 mit
1081 4703 1179 4760 andren
1200 4703 1276 4758 'liuta
1293 4703 1354 4758 eina
1373 4704 1478 4758 schwar
1495 4703 1638 4758 leaerlioha
1656 4702 1746 4758 Rand-

363 4796 539 4866 bamarkung:
569 4793 627 4848 Hic
650 4793 751 4862 incepit
773 4793 899 4847 colonica
920 4793 1047 4860 fntnrna.
1088 4793 1146 4848 Hic
1172 4793 1268 4848 ineas
1296 4809 1315 4846 a
1343 4793 1479 4859 facultate
1510 4793 1542 4846 in
1569 4792 1747 4847 reensionem

366 4883 486 4950 Stcffani
503 4882 598 4936 Fncha
621 4882 694 4938 mam
716 4884 833 4950 capsam
855 4881 935 4950 aar&
956 4883 983 4950 ti.
1008 4883 1040 4935 in
1063 4899 1135 4935 anro
1164 4888 1190 4936 et
1217 4883 1288 4936 mter
1314 4879 1518 4953 io[achimic?].
1560 4879 1607 4942 Aa
1630 4897 1746 4950 precem

364 4972 435 5025 nhil
451 4971 536 5026 habeo
555 4977 713 5039 computare
731 4971 765 5025 cle
782 4971 839 5024 illia
857 4977 905 5025 etc.

783 5053 784 5058 ,
1494 5049 1532 5104 5,
