4724 6360
342 1309 380 1353 au.
408 1277 508 1380 Anno
531 1291 662 1358 Domini
687 1295 772 1357 1520
801 1293 861 1358 Die
879 1293 972 1359 Lune
994 1296 1148 1377 vigesima
1171 1295 1292 1358 mensis
1315 1296 1443 1378 augusti
1463 1295 1627 1377 Assumpti
1652 1292 1791 1356 suntad
1818 1308 1876 1360 sua.
1891 1307 1926 1353 au.

407 1400 582 1483 legendum
617 1421 749 1464 cursum
788 1403 822 1464 in
855 1402 1102 1484 sacratheologia
1128 1401 1338 1464 Venerabiles
1382 1401 1445 1463 viri
1481 1399 1611 1463 Domini
1650 1398 1793 1492 Magistri

409 1506 545 1572 Petrus
567 1506 808 1572 Mosellanus
835 1509 1088 1589 protogensis,
1120 1515 1197 1571 tunc
1224 1507 1339 1571 Rector
1365 1509 1599 1587 uniuersitatis,
1624 1492 1793 1570 Christo*-

402 1613 542 1693 phonus
565 1613 713 1696 Erinph
735 1615 940 1696 Lypsicus
964 1620 1042 1678 tuno
1066 1613 1255 1698 Capellanus
1278 1613 1492 1698 illustrissimi
1515 1615 1668 1696 principis
1692 1611 1793 1676 Ducis

406 1721 540 1804 georgii,
569 1718 761 1786 Iohannes
787 1742 983 1804 grammon
1012 1743 1054 1785 en
1083 1741 1183 1784 notra
1214 1722 1385 1797 ciuitate,
1414 1728 1492 1783 tuno
1519 1719 1740 1801 ludimagister
1762 1720 1792 1783 S.

406 1827 514 1890 thome
541 1827 715 1910 liptzensis,
745 1830 919 1912 presentati
952 1847 1010 1913 per
1042 1830 1189 1912 egregios
1220 1826 1375 1891 Dominus
1408 1828 1550 1890 doctores
1583 1828 1707 1910 primus
1739 1847 1795 1911 per

408 1932 576 1996 Ductorem
593 1934 727 2013 paralum
743 1933 934 2017 Saloffluym,
954 1935 1121 2000 Secundus
1139 1954 1196 2018 per
1210 1935 1245 1996 E.
1262 1935 1428 1998 dominum
1445 1935 1607 1996 doctorem
1625 1933 1794 1996 mahhmm

406 2039 599 2121 hayueuiseru,
627 2039 758 2104 Tercius
786 2061 862 2105 veru
891 2062 948 2125 per
976 2043 1010 2104 E.
1035 2042 1202 2106 dominum
1225 2039 1396 2105 Ductorem
1424 2039 1631 2103 hieronimum
1663 2038 1794 2104 Ochem-

405 2145 500 2226 fardt.
547 2147 588 2210 Et
619 2147 787 2212 uoluerunt
814 2168 870 2232 pru
898 2145 975 2213 fisco
1005 2148 1140 2232 quilibet
1167 2154 1232 2212 tres
1259 2146 1290 2211 fl.
1323 2147 1370 2211 Ea
1397 2155 1502 2211 tamen
1536 2147 1723 2211 condicione
1758 2155 1793 2210 vt

408 2239 545 2337 quisque
567 2254 679 2318 habeat
702 2255 846 2318 ordinem
870 2255 932 2319 luci
955 2256 1132 2320 secundum
1157 2257 1284 2320 senium
1308 2256 1477 2338 magisterii
1502 2256 1562 2318 sui.

373 2443 379 2455 ·
407 2387 508 2472 Anno
533 2368 656 2469 domini
680 2427 744 2491 quo
768 2427 865 2491 supra
883 2405 943 2470 Die
967 2406 1078 2470 Martis
1103 2406 1381 2490 Vigesimaootaua
1408 2407 1530 2470 mensis
1553 2409 1695 2490 Augusti
1722 2408 1791 2490 ipsa
1817 2426 1875 2478 nug.
1891 2426 1925 2470 aa.

407 2509 467 2576 Die
491 2509 598 2575 Sancti
621 2515 785 2596 augustini
808 2521 955 2598 receptus
985 2522 1034 2577 est
1064 2514 1104 2576 ad
1131 2513 1303 2596 legendum
1328 2533 1460 2577 cursum
1484 2515 1519 2575 in
1543 2513 1794 2598 sacratheologia

407 2619 596 2684 vorrerabilis
627 2621 675 2682 vir
699 2620 847 2684 dominus
875 2619 1028 2702 Magister
1050 2619 1243 2684 Mattheus
1266 2612 1385 2685 Liber
1412 2640 1455 2683 en
1481 2619 1635 2697 themar,
1663 2639 1793 2704 presen-

408 2733 492 2788 tatus
515 2745 572 2809 per
590 2725 763 2790 Dominum
784 2725 957 2790 Ductorem
978 2728 1137 2808 peurpium
1155 2727 1421 2810 Meyuiugeusem,
1444 2737 1475 2790 et
1498 2726 1595 2790 soluit
1617 2729 1656 2790 ad
1678 2727 1792 2790 fiscum

407 2839 471 2896 tres
494 2832 523 2896 tl.

373 3032 378 3042 .
406 2965 508 3048 Anno
534 3005 598 3069 quo
622 3005 719 3069 supra
737 2983 797 3049 Die
815 2985 906 3049 Luna
926 2983 1045 3062 Quinta
1062 2985 1253 3050 Nouembris
1276 2987 1432 3070 assumpti
1455 2993 1533 3050 sunt
1555 2987 1594 3049 ad
1616 2985 1788 3069 legendum
1816 3012 1873 3058 mv,
1888 3013 1909 3058 η,

407 3110 539 3156 cursum
561 3094 594 3154 in
615 3093 863 3176 sacratheologia
887 3091 1098 3156 Reuerendus
1120 3099 1209 3177 pater
1230 3093 1326 3157 irater
1349 3091 1598 3157 Sebastianus
1621 3083 1793 3157 Brhcher

406 3197 448 3260 de
472 3197 577 3264 Uatis
600 3199 721 3263 ordinis
744 3200 979 3282 predicatorum
1009 3207 1040 3263 et
1066 3199 1166 3266 lector
1195 3206 1376 3264 conuentus
1404 3200 1565 3280 hallensis,
1592 3199 1634 3263 Et
1661 3219 1792 3264 venera·

407 3303 480 3367 bilis
505 3307 654 3389 magister
676 3305 870 3370 Johauues
894 3326 994 3387 grew
1021 3328 1063 3370 eu
1091 3305 1355 3388 Echelstheym,
1384 3309 1554 3391 presentati
1581 3307 1707 3390 primus
1735 3325 1792 3390 per

405 3411 579 3495 Egregium
603 3420 634 3476 et
656 3411 883 3477 Reuerendum
905 3420 1027 3497 patrem
1057 3415 1216 3478 ductorem
1245 3413 1489 3477 hermannum
1512 3412 1625 3490 Rode,
1655 3415 1703 3474 2⁰³
1733 3431 1792 3496 per

405 3517 580 3603 Egregium
605 3520 771 3583 dominum
797 3521 959 3584 doctorem
982 3519 1189 3585 hieronimum
1211 3519 1428 3602 uchstenfurdt.
1475 3519 1517 3584 Et
1542 3520 1711 3584 soluerunt
1733 3539 1790 3602 pro

405 3625 482 3690 fisco
501 3629 624 3710 primus
648 3633 712 3691 tres
733 3626 873 3691 florenos
900 3629 933 3689 in
963 3647 1051 3709 auro,
1082 3627 1245 3692 secundus
1273 3626 1419 3692 similiter
1446 3633 1511 3690 tres
1534 3625 1681 3690 florenos.

406 3759 508 3841 Anno
533 3797 598 3861 quo
623 3799 720 3863 supra
743 3777 803 3843 Die
827 3779 957 3844 Sabbati
980 3781 1084 3864 prima
1107 3780 1227 3844 mensis
1252 3778 1430 3842 decembris
1458 3781 1614 3862 assumpti
1642 3783 1719 3840 sunt
1748 3777 1786 3840 ad
1814 3795 1868 3839 nso.
1884 3797 1903 3838 1.

373 3909 378 3918 ·
407 3884 578 3968 legendum
598 3905 729 3950 cursum
744 3887 778 3950 in
794 3889 890 3950 saora'
901 3887 1058 3970 theologia
1069 3885 1269 3950 Venerabilis
1280 3883 1429 3968 Magister
1442 3883 1472 3949 J
1472 3883 1637 3949 ohannes
1649 3881 1790 3947 hubner

408 3989 665 4057 Gorliteensis
697 3993 738 4056 Et
770 3995 973 4058 venerandus
1006 4000 1095 4078 pater
1130 3993 1227 4058 irater
1259 3989 1549 4056 Bartholomaus
1581 3989 1716 4056 Rauch
1747 4009 1790 4054 eu

405 4097 586 4178 Auspach
618 4097 748 4163 Ordinis
780 4101 1015 4184 predicatorum
1046 4100 1158 4164 lector
1190 4107 1371 4164 conuentus
1398 4098 1588 4183 Liptnensis,
1618 4097 1789 4181 presentati

405 4207 528 4287 primus
552 4225 608 4289 per
632 4206 803 4290 Egregium
830 4208 991 4271 doctorem
1020 4205 1154 4286 paulum
1177 4205 1355 4290 Saoffheym
1376 4203 1596 4287 parnenses,
1620 4201 1788 4268 Secundus

405 4330 461 4394 per
483 4311 657 4396 Egregium
681 4321 714 4376 et
730 4313 958 4377 Reuerendum
982 4321 1103 4397 patrem
1123 4311 1293 4378 Ductorem
1315 4313 1521 4377 mnannum
1540 4309 1635 4388 Rube,
1659 4311 1789 4395 prouin-

405 4417 516 4481 cialem
545 4419 667 4484 ordinis
694 4421 937 4504 predicatorum,
983 4419 1025 4484 Et
1053 4421 1151 4484 soluit
1179 4422 1318 4504 quisque
1346 4439 1459 4484 eorum
1488 4427 1554 4482 tres
1584 4416 1723 4482 florenos
1753 4417 1788 4480 in

406 4544 483 4588 auro
508 4525 546 4588 ad
569 4525 694 4590 fiscum.

374 4729 379 4739 .
407 4659 508 4741 Anno
537 4697 601 4762 quo
629 4699 727 4762 snpra
754 4677 814 4743 Die
842 4679 978 4744 Veneris
1005 4679 1144 4763 Septima
1171 4681 1291 4744 mensis
1322 4677 1496 4743 decembris
1527 4678 1682 4761 assumpti
1709 4684 1787 4740 sunt
1813 4701 1866 4746 nea
1881 4703 1902 4745 r.

405 4785 444 4848 ad
471 4787 644 4869 legendum
672 4805 803 4850 cursum
837 4788 871 4849 in
906 4787 1153 4870 sacratheologia
1186 4785 1391 4850 venerabiles
1415 4785 1476 4848 viri
1506 4792 1537 4848 et
1567 4784 1689 4847 domini
1721 4781 1787 4846 Ma

404 4892 496 4975 gistri
524 4891 710 4959 Iohannes
738 4893 949 4958 Reuschius
976 4914 1019 4956 en
1047 4891 1291 4958 Eschenbach
1321 4901 1352 4956 et
1380 4891 1632 4957 Sebastianus
1655 4889 1788 4954 Steude

405 5019 447 5063 en
465 4997 614 5080 Minna,
637 5003 809 5084 presentati
831 5003 955 5085 primus
977 5019 1035 5085 per
1056 4999 1233 5084 Egregium
1253 5000 1419 5064 dominum
1439 4999 1597 5062 doctorem
1618 4995 1787 5078 Georgium
