4724 6360
312 1235 472 1304 Doctoris
485 1239 652 1304 banmnm
671 1237 760 1303 Rob¹
775 1239 986 1304 Provincialis
1002 1240 1052 1303 sui
1066 1245 1266 1324 presentatus
1280 1259 1337 1324 per
1352 1241 1526 1324 Egregium
1545 1242 1713 1305 dominum

314 1343 497 1411 Doctorem
521 1346 734 1412 iheronimum
756 1345 793 1410 da
815 1345 1017 1428 ocbsenjoatb.
1055 1345 1097 1411 Et
1115 1347 1213 1411 soluit
1230 1348 1269 1411 ad
1287 1347 1402 1412 fiscum
1421 1347 1579 1412 facultatis
1598 1353 1662 1412 tres
1681 1349 1711 1411 fl.

247 1539 284 1582 ⁵0.
315 1508 425 1590 Anno
448 1525 578 1606 Dominj
611 1525 696 1586 1523
718 1525 814 1587 Nona
845 1524 1031 1588 nouembris
1062 1527 1220 1609 assumpti
1249 1527 1386 1590 suntad
1409 1526 1715 1610 legendasSenten-
1742 1543 1801 1587 nov.
1816 1544 1836 1586 a.

317 1635 390 1696 cias
419 1631 617 1697 venerabiles
645 1632 789 1713 magistri
820 1629 955 1694 Petrus
977 1630 1224 1712 merolianus,
1248 1631 1544 1714 Christopboros
1567 1633 1716 1715 Eriaplc

318 1739 524 1820 liptailtos,
549 1739 742 1822 Capelianus
771 1745 849 1801 tunc
877 1737 1093 1802 illustrissimi
1121 1741 1275 1823 principis
1298 1738 1399 1804 Ducis
1423 1739 1561 1824 Georgij‚
1583 1760 1714 1823 presen-

317 1850 380 1910 tati
402 1848 527 1930 primus
551 1865 609 1929 por
630 1844 803 1929 Egregium
826 1843 861 1907 D.
887 1846 1046 1909 doctorem
1070 1845 1211 1909 Paolum
1229 1845 1429 1928 Swoffbeym,
1449 1847 1619 1910 Secundus
1637 1866 1713 1910 vero

318 1973 381 2038 per
403 1953 579 2037 Egregium
602 1950 639 2016 D.
664 1952 826 2015 doctorem
849 1951 1014 2016 Maliacum
1036 1951 1159 2034 togatas,
1190 1961 1222 2016 et
1255 1954 1351 2017 soluit
1374 1952 1510 2036 quilibet
1532 1953 1571 2016 ad
1599 1953 1714 2017 fiscum

321 2067 393 2124 tres
414 2059 445 2122 fl.

253 2201 290 2244 51.
321 2167 413 2250 Item
437 2205 523 2248 anno
547 2189 579 2249 et
601 2184 652 2248 die
677 2204 741 2269 quo
765 2205 863 2269 snpra
885 2186 925 2248 ad
949 2185 1121 2267 legendum
1146 2203 1278 2248 cursum
1296 2187 1330 2248 in
1350 2185 1508 2268 theologia
1527 2190 1714 2270 assumptus

322 2301 373 2357 est
401 2292 595 2357 venerabilis
625 2293 775 2356 dominus
805 2291 956 2376 Magister
987 2290 1257 2373 Christoforas
1282 2292 1626 2374 oeyeadorfttnnst
1655 2313 1713 2376 pro

186 2415 221 2460 m.
237 2399 295 2458 sab·
326 2407 406 2464 tunc
428 2401 511 2464 alme
530 2401 748 2463 uniuersitatis
772 2405 881 2462 nostro
899 2398 1026 2480 Rector,
1046 2399 1251 2463 Presentatus
1266 2399 1349 2482 *per
1368 2398 1544 2483 Egregium
1567 2398 1606 2464 D.
1631 2399 1713 2463 Doc-

323 2515 425 2572 torem
448 2507 570 2588 boynis.
617 2505 659 2568 Et
682 2505 781 2568 soluit
803 2506 845 2568 ad
866 2505 983 2569 fiscum
1006 2511 1069 2570 tres
1093 2505 1146 2568 ῖῖ.8

256 2702 293 2748 sa.
323 2667 425 2748 Anno
449 2683 581 2748 Domini
604 2681 690 2750 1524
717 2682 778 2748 Dio
802 2684 937 2748 Veneris
960 2689 1073 2768 quarta
1101 2685 1222 2747 mensis
1245 2683 1349 2767 Martij
1379 2691 1565 2769 assumptus
1595 2691 1643 2749 cst
1672 2685 1712 2748 ad
1740 2706 1826 2756 roas.

323 2792 494 2876 legendum
527 2811 656 2856 cursum
695 2793 728 2854 in
767 2792 1014 2875 sacratheologia
1049 2791 1146 2854 frater
1185 2790 1358 2854 Jooanes
1400 2789 1628 2855 Becbtoldcs
1670 2793 1712 2856 do
1737 2780 1830 2825 ΜΗ·

324 2898 600 2963 Nooooioc'totc
619 2919 739 2980 prope
764 2896 937 2980 Coborplc
964 2899 1084 2962 ordinis
1107 2897 1342 2982 predicatorum
1365 2900 1400 2960 in
1423 2899 1531 2982 liptzlr,
1553 2909 1713 2983 presenta-

323 3015 376 3071 tus
401 3026 456 3090 per
478 3005 654 3091 Egregium
679 3003 857 3070 Dominum
886 3005 1057 3069 Doctorem
1085 3003 1307 3068 Hermotimum
1335 3005 1406 3069 Rob
1435 2995 1711 3092 patrem'prouin-

324 3113 434 3176 cialem
459 3113 580 3176 ordinis
603 3113 839 3197 predicatorum
861 3113 988 3177 ibidem.
1035 3111 1077 3175 Et
1106 3113 1205 3176 soluit
1233 3114 1340 3176 statim
1363 3113 1403 3176 ad
1425 3112 1541 3178 fiscum
1566 3121 1632 3178 tres
1655 3114 1712 3178 flo-

323 3239 417 3284 renos
444 3239 589 3284 mauro.

291 3393 297 3405 .
324 3327 425 3409 Anno
449 3366 514 3429 quo
539 3365 636 3430 supra
659 3343 719 3409 Dio
741 3346 817 3409 lune
842 3365 925 3408 nona
948 3346 1070 3408 mensis
1092 3344 1167 3428 Maij
1193 3351 1378 3429 assumptus
1402 3353 1451 3409 est
1473 3347 1512 3408 ad
1536 3346 1708 3430 legendum
1737 3369 1816 3415 uuo.

324 3451 508 3516 Senteucias
522 3451 723 3516 Venerabilis
747 3457 778 3515 et
795 3451 977 3536 Religiosus
995 3450 1091 3515 trater
1109 3451 1209 3515 Boni
1215 3453 1345 3532 tocius
1368 3451 1602 3533 bottensteyn
1627 3454 1710 3517 ordi-

323 3560 374 3623 nis
396 3559 629 3643 predicatorum
654 3567 835 3624 conuentus
860 3558 1153 3644 magdeburgensis,
1175 3565 1377 3642 presentatus
1403 3577 1460 3642 per
1482 3559 1709 3624 Reuerendum

324 3667 491 3730 domiuum
525 3666 686 3730 doctorem
718 3665 926 3730 mannaan
955 3665 1032 3730 rabb
1064 3666 1209 3730 eiusdem
1243 3666 1362 3729 ordinis
1396 3665 1647 3749 Provincialem,
1679 3673 1710 3731 et

324 3774 422 3838 soluit
444 3781 508 3838 tres
531 3772 562 3837 o.
586 3791 762 3855 reynenses
787 3773 825 3835 ad
847 3771 996 3836 liscum.⁴

290 4001 295 4013 .
324 3934 423 4014 Anno
447 3949 577 4014 Domini
602 3950 825 4018 massaneto
849 3955 921 4036 post
938 3951 1054 4016 Vitalis
1076 3953 1253 4036 penultima
1275 3953 1402 4024 mansis⁴
1418 3952 1528 4035 aprilis
1550 3955 1707 4036 assumpti
1735 3973 1814 4021 ruas.

323 4059 460 4122 suntad
484 4058 656 4142 legendum
680 4078 810 4122 cursum
839 4060 871 4121 in
904 4059 1153 4141 sacratbeologia
1175 4059 1385 4124 venerabiles
1415 4060 1476 4121 viri
1501 4059 1541 4121 Et
1564 4061 1708 4143 magistri
1735 4046 1798 4101 ”¹²¹
1812 4048 1846 4090 ²⁹·

322 4165 502 4231 Mothous
538 4164 661 4229 Motae
697 4185 740 4228 ex
776 4165 983 4248 nortbeym,
1025 4172 1103 4230 tunc
1140 4169 1280 4230 decanus
1312 4167 1472 4231 facultatis
1505 4168 1636 4247 artium,
1667 4166 1709 4230 Et

322 4273 516 4336 Jotannes
539 4271 667 4338 Sawer
690 4271 750 4336 Ero
771 4272 1005 4354 wynstbeym,
1027 4275 1199 4357 presentati
1221 4293 1279 4356 per
1298 4273 1472 4356 Egregium
1497 4274 1515 4335 d
1546 4274 1706 4338 doctorem

322 4379 528 4444 ammonam
550 4379 784 4462 donperstbeym
809 4401 848 4444 ac
870 4379 1067 4460 ochsenfortb

431 4556 450 4622 ¹)
469 4555 540 4609 aab
559 4572 583 4610 a.
602 4555 634 4610 R.
654 4573 705 4610 von
726 4557 865 4626 darselben
884 4557 971 4610 Haud.

429 4643 450 4714 ⁹)
474 4645 534 4699 Von
557 4645 677 4714 anderen
702 4645 826 4700 ziomlich
850 4645 1049 4716 gleichzeitigen
1071 4645 1151 4700 Hand
1174 4662 1218 4698 am
1244 4647 1356 4698 unteren
1375 4643 1467 4698 Raude
1493 4644 1625 4700 bomerkt:
1653 4646 1707 4700 bic

314 4711 513 4807 'celebrauit
530 4733 814 4811 Nuptioaoltewra
828 4741 913 4808 post
925 4735 1050 4801 festum
1070 4734 1098 4790 S.
1121 4733 1264 4804 Georpij
1281 4737 1351 4787 1525
1369 4734 1457 4803 (April
1476 4733 1528 4804 24).

429 4825 450 4894 ⁸)
470 4825 509 4878 Zu
528 4825 628 4879 diesem
646 4825 728 4878 labro
747 4841 769 4878 s.
789 4825 839 4877 dan
858 4824 968 4890 Eintrag
986 4825 1055 4880 Nov.
1071 4826 1087 4878 3
1106 4825 1155 4878 aul
1170 4823 1211 4877 Bl.
1231 4825 1301 4891 47⁸,
1320 4824 1391 4898 oben
1408 4823 1433 4876 S.
1454 4823 1496 4877 23.

429 4915 451 4984 ⁴)
469 4917 522 4968 Am
541 4914 654 4969 Schluss
673 4915 720 4967 der
739 4914 809 4967 Zeile
828 4913 893 4983 lolgt
912 4915 996 4969 noch:
1016 4919 1114 4990 Anno
1134 4919 1189 4988 etc.
1211 4911 1318 4990 XXV;
1342 4913 1412 4987 doob
1431 4913 1502 4968 kann
1522 4912 1571 4966 das
1589 4928 1641 4965 nur
1660 4913 1709 4966 aul

322 5005 374 5058 den
392 5006 520 5058 ntchsten
538 5004 638 5057 Absatz
657 5003 751 5071 gehen.
1475 5084 1492 5136 5
