4724 6360
210 1234 257 1280 m.
279 1241 318 1284 oa.
352 1208 454 1289 Anno
483 1227 602 1289 domini
631 1222 719 1292 1534
755 1225 913 1290 sedecima
943 1226 1033 1308 Junij
1065 1235 1250 1310 assumptus
1279 1227 1342 1290 fuit
1372 1229 1409 1290 ad
1441 1247 1574 1294 cursum
1606 1247 1738 1291 venera·
1765 1242 1839 1288 loss.

282 1312 321 1356 ⁶⁸·
352 1333 426 1397 bilis
450 1332 601 1414 Magister
625 1330 822 1397 Conrodus
841 1331 1047 1416 linteolos,
1070 1341 1274 1418 presentatus
1298 1354 1353 1418 per
1377 1331 1552 1398 Dominum
1572 1333 1738 1398 Ductorem
1767 1312 1863 1356 mm·

354 1490 360 1502 .
384 1490 391 1503 .
415 1489 422 1504 .
447 1439 490 1503 .¹.
539 1439 633 1504 Dedit
656 1445 722 1503 tres
744 1437 884 1504 florenos
906 1442 940 1504 in
964 1447 1110 1523 moneto,
1139 1443 1254 1525 viginti
1286 1443 1368 1506 duos
1391 1462 1435 1524 gr.
1460 1461 1518 1525 pro
1548 1441 1670 1505 floreno
1701 1441 1741 1504 ad

351 1547 463 1612 fiscum
489 1553 545 1612 ste.
570 1548 650 1610 Acta
674 1552 750 1610 sunt
773 1547 832 1610 hoc
855 1551 893 1611 ut
916 1568 1020 1632 supra.

289 1793 326 1836 ⁸⁹.
354 1763 455 1843 Anno
480 1780 597 1862 dominj
622 1775 710 1846 1536
729 1777 850 1843 Mensis
868 1778 941 1863 Meij
966 1779 1026 1844 Dio
1048 1800 1133 1844 nona
1156 1787 1340 1864 assumptus
1363 1786 1412 1844 est
1439 1781 1477 1843 ed
1501 1778 1677 1843 Licentiam
1705 1780 1739 1842 in
1767 1792 1843 1840 uso.

353 1906 441 1952 sacra
468 1886 626 1968 theologia
653 1885 864 1950 Venerandus
894 1885 955 1950 Vir
984 1893 1016 1951 et
1038 1886 1199 1952 Dominus
1221 1887 1376 1971 Magister
1397 1886 1592 1951 Jononnes
1618 1884 1743 1952 Seuer
1769 1865 1840 1908 ΗΜ

316 2021 317 2024 “
361 1992 718 2075 Windssleimensis,
746 1993 890 2057 Dcclesie
917 1993 1015 2060 Beate
1042 1997 1177 2079 virginis
1205 1996 1239 2058 in
1267 1994 1359 2058 hallis
1388 1999 1496 2079 pastor
1524 1999 1556 2058 et
1587 1981 1744 2076 plebanus

354 2101 563 2183 Eoolesiequc
579 2099 743 2183 collegiata
760 2101 800 2164 ad
816 2101 981 2165 sudarium
995 2102 1115 2184 dominj
1131 2101 1251 2166 ibidem
1263 2101 1456 2179 (laconicus,
1470 2105 1672 2184 presentatus
1688 2119 1744 2184 per

354 2208 525 2292 Egregium
543 2207 709 2272 dominum
730 2207 893 2272 doctorem
913 2207 1084 2292 Georgium
1106 2207 1295 2274 Dotteninm
1320 2207 1578 2289 Meina'npensm
1596 2213 1627 2271 ot
1646 2207 1745 2270 soluit

355 2316 500 2398 quinque
521 2313 659 2380 florenos
683 2315 723 2400 ad
745 2313 861 2378 liscum
879 2314 1039 2380 facultatis
1062 2316 1248 2400 theologice.

290 2455 326 2498 το.
354 2421 456 2503 Anno
479 2439 611 2503 Domini
641 2439 725 2503 1536
756 2438 850 2504 Faria
873 2449 988 2523 quarta
1010 2448 1081 2525 post
1103 2439 1306 2505 Diuisionem
1330 2439 1558 2524 Apostolorum
1582 2437 1652 2514 Quo
1676 2445 1744 2503 erat
1770 2453 1817 2496 sun
1832 2455 1866 2498 rs.

357 2548 397 2610 19
419 2546 541 2611 Mensis
563 2545 642 2630 Julij
667 2545 705 2610 D.
730 2545 850 2611 Doctor
872 2546 1039 2612 Martinus
1062 2548 1257 2632 Meyendoan
1279 2569 1318 2612 ecc
1339 2546 1508 2629 hyrstperq,
1530 2543 1744 2628 Hieronymus

355 2652 591 2736 Dnnqersslteyn
614 2675 652 2718 ec
678 2651 881 2735 Oolastenfnrt,
906 2653 1061 2737 Georeins
1082 2653 1257 2722 Donamus
1280 2653 1521 2736 Menninpensis
1544 2652 1745 2717 celebrarunt

355 2761 459 2826 aulam
478 2759 678 2824 Doctoralem
702 2762 734 2823 in
755 2761 888 2826 ecclesia
910 2760 947 2826 D.
968 2761 1091 2826 Nicolai
1113 2781 1170 2846 pro
1193 2761 1341 2826 Dominis
1362 2759 1530 2840 casparo
1549 2757 1744 2841 Deyolassel

356 2874 387 2932 et
410 2869 553 2932 Ioanne
575 2865 681 2932 Sator
703 2888 746 2931 ee
768 2867 1005 2950 wynstlaeym,
1030 2889 1111 2953 quos
1133 2869 1250 2932 ibidem
1274 2867 1428 2932 Doctores
1451 2868 1631 2931 crearunt.¹

291 3009 327 3051 m.
355 2975 456 3056 Anno
487 2993 609 3055 domini
638 2991 724 3062 1536
760 2993 801 3056 19
830 2992 970 3058 octobris
998 2999 1184 3078 assumptus
1212 2999 1261 3058 est
1288 2994 1326 3057 ad
1355 2993 1526 3076 legendum
1556 3011 1685 3056 cursum
1709 2993 1744 3054 in
1771 3006 1820 3051 oea
1835 3007 1869 3050 1o.

357 3119 445 3162 saera
467 3099 625 3182 theologia
647 3099 841 3164 venerabilis
864 3101 913 3163 vir
930 3099 1109 3164 melchior
1127 3099 1251 3165 Rudel
1274 3121 1317 3164 ee
1339 3097 1575 3180 weissenfels
1599 3105 1629 3163 et
1648 3099 1746 3162 soluit

356 3208 395 3270 ad
416 3207 532 3270 fiscum
556 3211 622 3270 tres
644 3205 781 3271 florenos
803 3208 837 3270 in
860 3228 905 3290 gr.
929 3207 1192 3291 equiualentibus
1215 3215 1262 3271 tot
1284 3207 1315 3271 fl.

293 3347 329 3390 rs.
358 3314 459 3394 Anno
489 3331 609 3420 domini
640 3331 724 3395 1536
756 3332 796 3394 18
825 3334 946 3396 mensis
974 3331 1161 3422 nouembris
1190 3331 1423 3414 adlegandum
1447 3351 1575 3396 cursum
1601 3332 1633 3394 in
1659 3351 1746 3396 sacra
1773 3345 1830 3390 κον.
1847 3345 1880 3388 1a.

357 3439 516 3520 theologia·
533 3439 689 3522 assumpti
708 3444 785 3502 sunt
802 3438 1001 3504 venerabiles
1019 3441 1081 3503 viri
1100 3439 1248 3522 Magister
1269 3437 1569 3518 Christoplaorns
1587 3442 1746 3520 mentae,

357 3546 572 3609 uniuersitatis
586 3543 684 3608 huius
703 3545 785 3609 alme
797 3551 882 3609 tunc
900 3549 1051 3629 temporis
1069 3545 1194 3627 Rector,
1212 3547 1361 3628 magister
1381 3543 1597 3626 Godfridns
1615 3543 1746 3608 Bellen

358 3661 388 3716 et
417 3699 553 3717 .....
563 3653 577 3691 ³
607 3651 875 3734 aclirmeyster
911 3653 950 3716 sd
990 3654 1161 3735 legendum
1200 3653 1392 3733 sentencias,
1434 3671 1515 3734 quos
1551 3653 1747 3734 presentauit

357 3757 549 3823 venerabilis
572 3758 723 3822 dominus
755 3759 863 3823 doctor
893 3759 1092 3842 hieronymus
1124 3759 1330 3842 lumersheim
1357 3780 1395 3822 es
1425 3758 1607 3839 ochsenfurt.
1655 3756 1746 3822 Solu·

357 3867 480 3930 cionem
503 3865 572 3930 fisci
595 3867 814 3949 promiserunt
837 3869 919 3930 intra
943 3867 1148 3950 quindenam.

298 4007 332 4050 rs.
359 3973 447 4055 Item
476 3991 587 4055 eodem
612 3991 663 4054 die
688 3997 719 4054 et
741 3991 819 4054 hora
842 3997 1025 4076 assumptus
1049 3999 1098 4056 est
1119 3993 1158 4056 ad
1181 3991 1352 4075 legendum
1376 4010 1507 4054 cursum
1531 3991 1564 4054 in
1589 3989 1747 4072 theologia

356 4097 548 4162 venerabilis
564 4099 613 4160 vir
626 4096 780 4179 Magister
797 4098 977 4162 henricus
992 4097 1199 4180 pomonalis,
1220 4117 1317 4181 quem
1332 4098 1528 4182 presentauit
1543 4096 1584 4163 M.
1593 4095 1747 4178 Georpins

356 4203 530 4270 Dolionins
553 4204 791 4286 meyninyensis.
839 4205 865 4267 Ε
889 4211 1008 4269 statuto
1034 4205 1137 4270 soluat
1159 4207 1244 4269 intra
1267 4205 1462 4289 quindenam
1486 4223 1543 4287 pro
1567 4203 1673 4266 bursa.

236 4449 267 4495 m.
281 4437 332 4494 ab·
359 4419 461 4500 Anno
486 4437 607 4499 domini
630 4435 714 4504 loss
738 4437 790 4500 die
814 4438 855 4499 25
879 4438 998 4522 Aprilis
1021 4438 1191 4520 Assumpti
1219 4437 1358 4501 suntad
1385 4436 1535 4518 legendas
1565 4435 1744 4499 sentencias
1773 4447 1850 4495 ross.

300 4523 332 4567 u.
359 4543 568 4608 Venerabiles
592 4545 653 4608 uiri
678 4543 828 4608 dominus
852 4543 898 4608 M
902 4543 1042 4610 elutior
1066 4543 1188 4609 Rudel
1210 4545 1333 4608 arcium
1357 4544 1508 4626 magister
1536 4547 1567 4606 et
1596 4542 1745 4605 dominus
1771 4521 1825 4575 ΔΨ·
1839 4517 1874 4606 ²⁵·

469 4773 598 4848 ¹lLdolro
617 4773 746 4842 gelasson.

465 4861 487 4932 ³)
506 4861 601 4915 Dieser
618 4862 764 4916 Abschnitt
783 4865 826 4920 ist.
847 4865 898 4917 wie
917 4880 946 4917 es
965 4862 1079 4930 subsint,
1099 4879 1151 4917 von
1171 4861 1234 4918 Jon.
1256 4862 1348 4917 saner
1366 4861 1549 4932 gesohriebsn.

466 4951 488 5018 ⁸)
507 4935 606 5020 hicio,
625 4967 680 5005 von
699 4951 812 5006 anderes
826 4951 905 5006 Hsnd
919 4952 1003 5006 duroh
1029 4951 1224 5022 Vnolsponyns
1241 4951 1395 5021 ansgsiiillt.
1424 4949 1460 5005 Es
1474 4951 1510 5004 ist
1524 4949 1648 5040 disselbo
1658 4949 1746 5041 lisand,
