4724 6360
919 1053 1070 1060 „—..
1129 1017 1176 1090 13
1232 1053 1389 1058 m-..

461 1223 560 1306 Anno
584 1243 697 1306 eodem
719 1243 779 1308 Die
799 1245 840 1306 26
865 1246 974 1329 aprilis
998 1245 1036 1308 ad
1056 1245 1239 1310 Senteneias
1265 1246 1414 1328 legendas
1443 1244 1572 1306 admissi
1597 1250 1675 1308 sunt
1693 1244 1843 1328 Magister
1871 1259 1933 1314 nprn
1947 1259 1980 1302 2⁸·

459 1350 621 1414 aridaeus
651 1351 855 1428 Waasidel,
881 1352 920 1416 Μ.
941 1353 1145 1416 Martinus
1167 1351 1306 1430 honera,
1331 1353 1500 1435 presentati
1534 1369 1590 1434 per
1614 1351 1641 1414 d.
1668 1351 1789 1415 Gorlita
1811 1357 1842 1414 et

461 1456 685 1538 Griselleram.

459 1563 561 1645 Anno
600 1603 664 1666 quo
692 1583 795 1666 Supra
823 1585 863 1646 27
894 1583 1051 1665 dielunij
1076 1583 1311 1666 adlegandum
1345 1603 1474 1648 cursum
1500 1585 1532 1646 in
1557 1584 1715 1666 theologia
1738 1602 1845 1665 recep·¹
1871 1601 1971 1643 suniat.

459 1695 512 1751 tus
546 1693 595 1752 est
622 1689 663 1752 M.
692 1691 788 1753 frater
811 1691 974 1755 Ioararaes
1010 1690 1132 1754 ordinis
1160 1690 1386 1754 heremitarum
1415 1690 1500 1754 beati
1523 1692 1688 1774 augustini
1708 1690 1746 1752 de
1770 1709 1844 1752 eon-

461 1801 560 1859 ucntu
583 1796 863 1880 maydeburgensi,
884 1803 1086 1882 presentatus
1108 1815 1166 1882 per
1189 1797 1217 1858 d.
1242 1797 1350 1878 Beper.

461 1990 561 2072 Anno
578 2009 705 2074 Domini
723 2011 812 2078 1483
836 2013 887 2076 die
910 2012 973 2076 XV
991 2014 1130 2098 Ianuarij
1148 2016 1202 2080 Ja.
1226 2013 1426 2096 hastensell
1449 2013 1480 2076 in
1498 2012 1665 2075 Ductorem
1687 2009 1843 2092 theologie
1870 2007 1967 2105 41318ξὸ

461 2125 626 2200 promotus
654 2125 711 2198 est,
738 2121 906 2185 undecima
933 2141 1010 2184 vero
1045 2121 1094 2186 die
1126 2123 1235 2204 marcij
1270 2122 1413 2186 eiusdem
1442 2121 1517 2182 anni
1545 2125 1711 2202 promotus
1739 2122 1787 2179 est
1809 2117 1843 2178 in
1871 2131 1928 2174 netz
1944 2135 1976 2176 11.

463 2225 621 2289 doctorem
648 2226 803 2292 Thomas
833 2229 875 2293 de
908 2227 1115 2293 Weraeri*
1146 2230 1187 2293 de
1218 2227 1466 2310 braasiderph.
1513 2225 1575 2290 Sed
1600 2226 1638 2287 21
1665 2226 1767 2308 prima
1790 2223 1841 2286 die
1868 2239 1924 2282 nov.
1941 2239 1965 2282 21
1982 2242 2019 2294 a).

461 2331 579 2394 mensis
617 2333 801 2398 nouembris
838 2343 987 2421 receptus
1019 2345 1051 2400 et
1079 2338 1305 2420 incorporatus
1338 2341 1387 2399 est
1418 2334 1561 2398 facultati
1593 2332 1768 2414 theologice
1802 2328 1842 2392 M.

460 2436 639 2502 Matheas
663 2439 704 2502 de
727 2443 872 2506 cadalao
896 2445 964 2508 sine
988 2443 1164 2527 preludicio
1188 2443 1332 2506 aliorum.

459 2542 648 2645 huncque
676 2562 779 2647 Supra
801 2567 911 2630 vltima
942 2567 992 2631 die
1023 2570 1146 2631 mensis
1178 2567 1262 2650 Iunij
1297 2567 1335 2630 ad
1368 2566 1539 2650 legendum
1570 2584 1702 2628 cursum
1726 2561 1843 2644 recepti
1871 2577 1971 2621 luniso.

460 2675 535 2732 sunt
558 2667 598 2732 M.
622 2669 786 2736 Herieas
808 2673 850 2736 de
875 2673 1046 2754 Vpsalia,
1066 2673 1106 2738 M.
1132 2673 1269 2738 Petras
1291 2674 1378 2738 herr
1396 2673 1438 2738 de
1458 2672 1664 2754 polllrepea,
1684 2668 1844 2732 Dominus

460 2776 622 2840 Ioannes
657 2777 848 2856 schalteti,
887 2779 1041 2864 plebanus
1077 2781 1210 2846 ecclesie
1247 2781 1276 2844 S.
1315 2781 1449 2860 Nicolai‚
1485 2779 1582 2843 frater
1615 2775 1844 2840 leonhardus

459 2882 499 2946 de
533 2881 658 2947 Veteri
686 2883 795 2964 cella,
818 2885 913 2950 frater
937 2885 1123 2968 Geerpias
1146 2889 1244 2953 lector
1268 2889 1450 2951 monasterii
1475 2887 1582 2950 Sancti
1606 2884 1693 2969 pauli
1722 2881 1843 2945 ordinis

458 2989 704 3072 predicatorum,
726 2995 901 3074 presentati
922 3011 981 3077 per
1005 2993 1034 3056 d,
1055 2993 1174 3075 perlita,
1198 2993 1361 3077 hastealelt
1383 2997 1411 3058 el
1433 2993 1584 3057 emelerila.

458 3095 559 3178 Anno
588 3115 638 3180 dis
666 3121 697 3179 et
725 3135 834 3182 mense
863 3137 927 3201 quo
959 3117 1064 3202 Supra
1095 3120 1133 3183 ad
1157 3121 1343 3185 Sententiae
1375 3119 1528 3204 legendas
1560 3121 1762 3202 presentatus
1795 3123 1842 3177 ost

459 3219 610 3305 Magister
633 3221 913 3288 bartholomeus
935 3223 1114 3304 hammer,'
1134 3233 1336 3310 presentatus
1359 3245 1416 3311 per
1440 3227 1467 3289 d.
1488 3225 1608 3308 perlita.

458 3417 558 3498 Anno
582 3435 712 3500 Domini
741 3437 832 3502 1484
860 3439 969 3503 vltima
998 3442 1049 3504 die
1078 3443 1198 3506 mensis
1221 3441 1311 3524 Junij
1341 3443 1460 3525 recepti
1489 3449 1521 3504 et
1549 3441 1678 3502 admissi
1702 3435 1841 3501 suntad
1869 3447 1953 3530 lest.

459 3561 590 3606 cursum
614 3543 655 3606 M.
685 3542 870 3608 Nicolaas
898 3544 1076 3626 lyndeaer
1107 3547 1149 3610 de
1180 3547 1310 3628 liptah,
1335 3547 1375 3612 M.
1401 3548 1632 3612 Frlderieas
1655 3545 1763 3626 heyer
1796 3543 1838 3606 de
1865 3520 1965 3563 ³²³¹³⁰'

458 3647 628 3727 erahaeh,
659 3649 699 3712 M.
725 3649 891 3716 matheus
913 3653 957 3716 de
979 3654 1228 3736 breasslaula,
1253 3655 1294 3718 M.
1319 3654 1506 3720 Nicolaus
1528 3653 1687 3730 rosiecle,
1711 3670 1842 3735 presen-

459 3757 515 3819 tati
537 3775 595 3840 per
617 3757 644 3820 d.
668 3756 832 3840 hasteaselt
854 3765 885 3822 et
905 3759 1024 3842 perlita.

457 3861 559 3944 Anno
591 3901 656 3964 quo
687 3903 785 3966 supra
816 3891 848 3948 et
878 3883 928 3947 die
959 3885 997 3947 ad
1029 3883 1213 3950 Senteneias
1247 3888 1376 3952 admissi
1401 3896 1477 3952 sunt
1499 3887 1578 3972 Mgr.
1600 3892 1733 3968 petras
1755 3885 1842 3948 herr

456 3987 498 4050 de
523 3987 728 4069 Gottiagea
751 3995 782 4052 et
805 3989 950 4055 Erieus
973 3992 1016 4054 de
1037 3992 1202 4072 upsalia,
1235 3995 1405 4077 presentati
1437 4015 1495 4078 per
1526 3997 1554 4058 d.
1578 3995 1628 4060 Jo.
1651 3991 1810 4073 hasenfell.

457 4095 574 4176 Maiam
605 4113 715 4176 eodem
745 4133 828 4176 anno
859 4115 909 4178 die
940 4119 1087 4200 sequenti
1118 4125 1191 4202 post
1219 4119 1337 4182 festum
1367 4119 1450 4182 beati
1472 4119 1591 4183 Tharne
1621 4118 1756 4202 apostoli
1786 4137 1835 4180 re·
1863 4141 1915 4186 aaz.
1933 4143 1965 4184 rr.

456 4220 537 4302 cepti
572 4225 648 4282 sunt
683 4225 714 4282 et
743 4220 874 4284 admissi
905 4222 944 4284 ad
981 4243 1113 4288 cursum
1149 4227 1183 4288 in
1215 4226 1373 4310 theologia
1405 4225 1564 4290 Dominus
1596 4225 1841 4290 Hermnaaas

457 4325 665 4408 provincialis
690 4326 812 4390 ordinis
836 4328 1091 4412 Carmelitarum,
1116 4330 1268 4416 Magister
1292 4332 1478 4398 Nicolaas
1505 4334 1638 4415 hepher
1666 4334 1708 4396 de
1735 4333 1839 4396 dres-

455 4430 536 4508 dea,
561 4431 712 4516 Magister
736 4433 921 4500 Nicotaus
944 4435 1173 4503 eoloaieasa's
1196 4445 1227 4502 et
1246 4439 1396 4524 Magister
1419 4440 1607 4504 Melehlar
1630 4442 1672 4504 de
1694 4441 1838 4521 freyen-

454 4537 571 4614 sladl,
595 4543 768 4622 presentati
792 4561 849 4624 per
873 4543 899 4606 d.
925 4545 1074 4609 eroderila.

342 4765 377 4810 m.
392 4767 426 4809 ro.
455 4733 556 4814 Anno
581 4751 815 4820 d0n1in11485
840 4757 873 4818 in
899 4758 1033 4840 profesto
1059 4761 1166 4824 Sancti
1189 4760 1306 4824 Mathia
1329 4762 1464 4844 apostoli
1487 4765 1604 4846 recepti
1628 4769 1659 4827 et
1681 4764 1838 4846 assumpti
1866 4783 1949 4830 rasa.

455 4863 533 4921 sunt
560 4857 599 4921 ad
630 4879 761 4923 cursum
791 4861 888 4925 frater
917 4863 1093 4930 Matheas
1123 4867 1163 4930 de
1192 4867 1295 4946 bach,
1325 4868 1422 4932 frater
1444 4868 1642 4935 balthasar
1665 4871 1837 4951 deporta
1855 4854 1968 4899 mm·

455 4971 487 5028 et
509 4965 708 5030 Martinus
731 4967 773 5030 de
808 4967 930 5032 Veteri
952 4971 1055 5053 aella,
1079 4977 1252 5056 presentati
1275 4995 1333 5060 per
1356 4976 1384 5038 d.
1406 4976 1524 5058 perlita.
