4724 6360
397 1235 498 1316 51555
528 1249 610 1317 1512
636 1249 696 1314 Die
719 1249 811 1314 Luoe
839 1251 909 1334 ipse
933 1249 1124 1314 Sanctorum
1149 1250 1288 1333 Crispini
1318 1256 1349 1314 et
1380 1233 1574 1333 crispiniani
1606 1247 1779 1312 5551115-
1809 1261 1881 1308 tnta.

398 1358 502 1423 11555
528 1357 666 1440 155519
692 1357 898 1439 aayaeasts
926 1362 957 1422 et
985 1356 1185 1422 Martinus
1211 1356 1500 1438 hlrssbcrpensis
1527 1357 1560 1418 in
1589 1353 1722 1420 eeclesia
1749 1351 1778 1416 S.
1806 1331 1854 1376 001·
1870 1333 1905 1377 ²⁵·

398 1465 522 1528 Nicolai
546 1470 722 1529 tenuerunt
744 1463 849 1528 aulam
873 1463 1067 1528 doctoralem
1097 1483 1152 1548 pro
1182 1465 1319 1528 dominis
1350 1461 1532 1526 Vdalrioo
1555 1462 1705 1542 ptisler
1733 1479 1784 1523 or-

402 1573 486 1636 dinis
519 1572 753 1636 Canonioorum
787 1569 982 1651 regularium
1016 1571 1049 1634 in
1078 1569 1174 1651 ltpct
1203 1577 1234 1634 et
1267 1569 1403 1654 plebano
1437 1589 1511 1632 oum
1536 1569 1566 1632 S.
1589 1567 1722 1632 Nioolao
1755 1571 1787 1630 et

399 1677 517 1744 Panlo
541 1675 761 1760 Suosflaeym
780 1673 1007 1760 porlitseosi
1035 1676 1162 1742 eosdem
1185 1677 1219 1740 in
1244 1677 1388 1742 doctores
1413 1675 1642 1760 promouendo.
1710 1749 1717 1766 ἱ

398 1874 500 1956 Anno
524 1911 588 1976 quo
611 1911 709 1976 supra
731 1887 792 1955 Die
816 1890 927 1954 martis
950 1891 1106 1974 vigesima
1129 1895 1243 1954 octaua
1269 1891 1390 1956 mensis
1413 1889 1555 1975 Augusti
1582 1890 1651 1973 ipsa
1679 1887 1787 1952 Sancti

399 1995 596 2083 Augustini¹

398 2179 501 2260 Anno
524 2193 612 2264 mae
635 2193 713 2258 feria
736 2195 831 2258 tercia
853 2197 926 2278 post
944 2194 1089 2256 omnium
1109 2199 1292 2257 sanctorum
1312 2213 1375 2278 que
1394 2199 1461 2258 erat
1480 2195 1546 2258 dios
1565 2194 1675 2258 martis
1694 2191 1784 2257 Doot.
1811 2211 1891 2258 mee.

400 2301 566 2366 1115511555
602 2299 780 2384 loirssderplc,
815 2299 1012 2365 meminus
1044 2298 1220 2382 ochsenfurt
1248 2307 1282 2364 et
1315 2299 1470 2382 (15555155
1499 2302 1706 2384 nteynt'peasis
1737 2307 1784 2364 ts·
1812 2283 1869 2328 ‘'⁰'‘
1884 2285 1905 2328 ³·

399 2407 565 2494 n[u]emnt
587 2409 693 2474 aulam
719 2407 909 2472 doctoralem
934 2408 967 2470 in
992 2407 1127 2471 ecclesia
1148 2407 1256 2471 Sancti
1275 2407 1399 2472 Nicolai
1425 2427 1483 2492 pro
1508 2407 1645 2471 dominis
1667 2407 1786 2472 Lude-

400 2515 489 2580 wico
515 2516 678 2580 sartoris
705 2515 747 2580 de
766 2513 918 2596 perlita,
942 2513 1124 2596 Greporio
1145 2497 1359 2595 bretislaopt
1381 2514 1572 2580 delenita
1594 2521 1626 2578 51
1655 2515 1784 2598 Wolff·

399 2641 518 2706 pango
540 2620 755 2687 schiadeler
773 2621 815 2686 dc
839 2619 973 2686 055115
995 2621 1125 2686 eosdem
1147 2623 1181 2684 in
1206 2621 1350 2687 doctores
1373 2623 1622 2708 pmmouendo.²

321 3935 327 3946 ,
373 3932 378 3942 ,
406 3853 507 3934 Anno
537 3867 725 3937 15101555
752 3871 851 3934 tercia
873 3876 945 3954 post
971 3871 1029 3934 viti
1053 3870 1104 3934 Ad
1123 3871 1290 3934 lieenoiam
1314 3870 1349 3932 in
1372 3870 1532 3954 theologia
1555 3877 1604 3934 est
1627 3871 1786 3935 admissus
1814 3889 1886 3936 into.

374 4001 380 4013 ·
407 3977 558 4061 Magister
571 3977 858 4058 christophorus
876 3977 918 4042 de
937 3975 1079 4042 Sancto
1099 3976 1214 4059 pallo,
1233 3981 1434 4060 presentatus
1456 3995 1512 4061 per
1529 3977 1694 4041 dominum
1714 3977 1787 4042 doc
1813 3962 1866 4004 ³³²³
1879 3963 1913 4007 ¹⁸·

405 4091 504 4149 torem
529 4084 780 4149 iheronimum·
798 4084 1054 4166 5515551511,
1078 4089 1110 4148 51
1132 4085 1230 4148 soluit
1251 4084 1399 4169 quinque
1421 4082 1489 4148 flor.
1512 4084 1553 4148 sd
1575 4083 1699 4148 fiscum.

514 4260 533 4330 ¹)
551 4259 619 4314 Hier
636 4259 719 4314 brach
737 4259 784 4314 der
801 4258 945 4316 Sohreiber
963 4259 1004 4328 ab,
1022 4259 1083 4314 weil
1106 4277 1136 4314 er
1154 4260 1241 4315 seinos
1254 4259 1369 4314 Imtuuns
1383 4260 1446 4314 inno
1459 4259 1552 4314 wurde
1566 4259 1640 4330 (dass
1654 4259 1696 4313 dio
1711 4259 1792 4315 Notiz

405 4349 481 4404 nicht
499 4365 560 4402 aum
578 4348 603 4402 J.
624 4347 693 4402 1512
712 4349 813 4417 gehdrt
834 4349 904 4418 zeigt
922 4349 1006 4404 sehon
1030 4349 1074 4402 ein
1092 4348 1170 4403 Bliok
1188 4349 1238 4402 aul
1259 4349 1311 4402 den
1330 4348 1475 4405 Kalendor:
1495 4349 1542 4402 der
1561 4348 1604 4403 28.
1623 4349 1731 4418 August
1748 4347 1793 4401 fiel

407 4438 475 4494 1512
493 4438 539 4493 aui
557 4437 635 4491 einen
654 4437 830 4504 Soonabend).
867 4437 905 4492 Er
928 4437 1084 4492 551551555
1103 4437 1215 4508 dliutmg
1232 4437 1305 4491 daun
1319 4454 1352 4492 on
1366 4438 1495 4506 n'ohtiger
1509 4437 1591 4492 815115
1606 4453 1667 4490 uum
1681 4437 1706 4490 J.
1723 4437 1792 4491 1520

406 4527 530 4599 gemacht
542 4528 576 4596 (3.
592 4526 708 4590 Abeatz).
746 4527 807 4580 Wir
829 4527 943 4582 ereehsn
971 4526 1076 4588 omaus,
1100 4527 1163 4581 dass
1191 4527 1263 4581 disse
1283 4527 1531 4594 Aulaeiohnungen‚
1546 4543 1608 4580 zum
1622 4526 1678 4580 1511
1692 4526 1792 4595 wenig-

407 4621 489 4684 51555,
530 4616 607 4671 51551
629 4617 685 4670 onst
708 4631 751 4672 am
782 4615 911 4672 Sohlusse
937 4615 985 4671 des
1012 4615 1116 4686 155555,
1141 4617 1256 4671 eondsm
1281 4615 1370 4686 glsioh
1393 4616 1461 4670 5555
1481 4615 1597 4686 Vollzug
1615 4615 1662 4670 der
1681 4616 1792 4672 Promo·

406 4707 495 4762 115555
513 4705 639 4777 gemacht
656 4705 725 4760 siud.

512 4795 534 4864 ¹)
562 4793 603 4848 Bl.
636 4795 670 4847 47
677 4805 690 4836 ¹
720 4797 805 4849 55155
836 4797 906 4850 elwa
937 4795 1018 4850 55555
1046 4793 1134 4850 Zeilsn
1161 4796 1219 4850 551.
1266 4794 1342 4850 Dooh
1370 4793 1417 4848 hat
1443 4793 1503 4846 hier
1531 4795 1615 4848 51555
1646 4794 1793 4864 gestandae

407 4901 462 4938 was
501 4883 646 4952 wsgradirt
676 4883 720 4938 151.
772 4882 813 4938 Β1
846 4883 901 4938 tab
933 4883 995 4938 loar.
1047 4883 1084 4938 15
1117 4883 1204 4952 folgen
1239 4899 1295 4936 uun
1329 4881 1371 4936 Bl.
1399 4881 1435 4936 48
1462 4882 1490 4936 11.
1517 4881 1561 4935 die
1588 4881 1792 4954 gleichzeitigen

409 4971 619 5043 Eintmgungem
