4724 6360
886 1070 1040 1076 -
1099 1037 1118 1108 7
1216 1070 1314 1075 fi.

419 1248 519 1328 Anno
545 1264 632 1330 1454
656 1264 694 1328 ed
720 1283 849 1327 cursum
874 1265 907 1325 in
927 1262 1098 1345 Theolcgia
1121 1264 1292 1346 presentati
1317 1267 1349 1326 et
1366 1264 1483 1341 recepti
1508 1268 1585 1324 sunt
1604 1261 1643 1324 M.
1672 1259 1806 1324 Valon—
1834 1273 1917 1320 1414.

419 1374 524 1436 tinus
547 1372 589 1434 de
616 1371 773 1452 laycis,
801 1370 842 1432 M.
868 1369 1003 1432 Petrus
1026 1369 1119 1432 rode
1141 1370 1183 1432 de
1206 1367 1457 1448 irtneuburplt,
1481 1369 1522 1431 M.
1550 1367 1808 1431 Theodericus

418 1479 580 1560 triberpu
604 1498 659 1562 per
682 1477 723 1540 M.
748 1478 785 1540 de
803 1479 917 1558 pretia.

420 1588 520 1668 duno
544 1604 654 1668 eodem
680 1604 713 1665 in
738 1602 788 1666 die
813 1603 920 1666 decem
945 1602 1032 1665 milia
1055 1602 1194 1664 militum
1219 1601 1257 1664 ad
1282 1601 1467 1665 Sentencias
1490 1601 1645 1683 assumpti
1670 1607 1747 1664 sunt
1765 1600 1806 1662 Μ.
1834 1613 1936 1656 Juni22.

420 1711 691 1775 (iraeademunn
724 1717 754 1772 et
787 1709 828 1771 Μ.
863 1709 1061 1772 Martinus
1085 1707 1302 1788 Srlmerfelt,
1331 1711 1506 1792 presentati
1532 1727 1589 1792 per
1619 1710 1808 1791 magistrum

418 1819 455 1880 de.
471 1821 596 1899 prctyn.

417 1925 485 2006 Ilio
513 1943 611 2005 eciam
642 1941 753 2008 eodem
777 1941 815 2004 ad
846 1941 1020 2005 Licentiam
1050 1942 1082 2004 in
1114 1941 1277 2024 theologia
1300 1941 1340 2003 Μ.
1370 1941 1475 2022 pepil
1508 1947 1539 2005 et
1572 1941 1613 2006 M.
1637 1941 1809 2005 ‘Ioannes

419 2054 494 2113 tute
516 2049 559 2112 de
581 2049 692 2112 curia
715 2050 864 2130 repotia
888 2050 958 2112 sine
983 2047 1158 2132 preiudiciu
1183 2049 1362 2112 seniorum.

419 2209 520 2291 Anno
545 2228 663 2310 dominj
688 2225 777 2293 1455
801 2227 840 2290 ud
864 2247 995 2290 cursum
1019 2231 1219 2310 presentatus
1242 2233 1291 2290 est
1309 2225 1350 2290 M.
1371 2225 1503 2308 Syma
1526 2227 1566 2290 du
1585 2225 1735 2291 doberto
1754 2246 1810 2311 per
1837 2235 1919 2281 1⁴5⁶·

420 2335 460 2398 M.
485 2335 663 2413 &offanum
685 2335 722 2398 de
739 2339 897 2416 prettynn.

419 2443 520 2522 Anno
540 2460 650 2524 eodem
671 2460 722 2522 Ad
746 2459 930 2523 Sentencias
953 2461 986 2522 in
1011 2459 1171 2542 theologia
1194 2459 1345 2542 legendas
1369 2461 1524 2543 assumpti
1549 2465 1624 2523 sunt
1648 2461 1680 2523 M
1712 2481 1809 2523 niar-

420 2569 525 2630 tinus
557 2567 598 2630 de
623 2571 795 2648 prettya,
828 2567 869 2629 M.
897 2565 1134 2647 monscdelstn
1167 2566 1205 2629 M.
1232 2565 1508 2648 Cristofsorus,
1542 2568 1582 2630 M.
1617 2566 1809 2632 Berreutlr.

420 2673 471 2738 Sic
495 2673 581 2758 quod
604 2693 668 2736 non
693 2674 808 2738 debent
832 2692 945 2738 omnes
967 2674 1102 2756 predicti
1126 2675 1221 2737 simul
1252 2694 1440 2738 concurrere
1467 2676 1507 2738 ad
1538 2675 1724 2756 legendum,
1755 2676 1808 2738 aed

421 2783 482 2845 duo
506 2787 538 2846 et
562 2782 625 2844 duo
650 2780 780 2844 solum¹.
828 2780 868 2844 Et
891 2782 950 2844 hoc
973 2782 1043 2844 sine
1066 2781 1240 2864 preiudicio
1264 2783 1444 2845 Seniorum.

421 2890 547 2970 Eodem
572 2903 641 2970 die²
673 2913 704 2970 et
736 2911 832 2968 Anno
860 2905 898 2968 ad
927 2905 1088 2969 licentiam
1116 2907 1149 2968 in
1179 2907 1337 2990 theologia
1364 2906 1524 2970 admissus
1555 2914 1604 2971 est
1628 2907 1668 2970 M.
1694 2909 1809 2990 Pupil.

421 3013 521 3081 Titne
544 3017 612 3098 ipso
631 3015 682 3078 die
700 3013 889 3077 Sanctorum
910 3013 1138 3076 dormientium
1162 3032 1217 3096 per
1239 3013 1418 3078 facultatem
1437 3015 1624 3078 conclusum
1650 3023 1699 3078 est
1722 3017 1807 3098 quod
1835 3039 1933 3084 111111.

422 3122 459 3184 de
478 3129 583 3186 cetero
609 3121 690 3185 nulli
714 3129 898 3184 reseruetur
920 3121 1011 3184 locus
1034 3121 1117 3184 vltra
1140 3141 1241 3183 vnum
1270 3141 1390 3184 annum
1422 3121 1575 3186 unium-²³.
1622 3141 1681 3186 nec
1711 3143 1811 3187 reser-

423 3235 517 3292 uatus
569 3235 617 3292 est
658 3227 866 3311 infrascriptis
921 3229 1082 3310 magistris
1139 3227 1304 3306 Bremia,
1360 3227 1603 3308 Brcsslewer,
1650 3231 1810 3308 endritz,

424 3335 589 3412 (1011111,
614 3335 833 3416 Bombcrpa,
858 3333 1008 3416 Meynel
1031 3335 1130 3398 abiles
1154 3335 1192 3398 ad
1216 3337 1455 3399 assumendum.

422 3514 523 3594 Anno
547 3531 666 3614 dominj
692 3530 782 3598 1456
805 3533 838 3594 in
860 3531 1003 3594 Crastino
1027 3529 1214 3595 Sanctorum
1240 3533 1334 3615 primi
1355 3537 1386 3594 et
1408 3531 1564 3594 foelitiani
1589 3533 1626 3596 ad
1652 3533 1809 3598 licentiam
1839 3556 1922 3602 1450,

424 3641 456 3700 in
477 3639 633 3723 theologia
651 3639 781 3702 admissi
801 3645 833 3702 et
843 3641 997 3722 assumpti
1019 3639 1146 3702 suntM.
1165 3637 1323 3702 michael
1338 3638 1482 3720 moynel
1500 3640 1541 3702 de
1555 3639 1812 3723 loramento,
1838 3629 1889 3670 '⁰¹¹¹
1906 3631 1938 3671 ¹⁰·

423 3745 463 3808 M.
496 3745 666 3810 Joannes
697 3745 934 3827 Brestluwer,
969 3745 1009 3810 M.
1043 3745 1230 3826 Ewdrita,
1253 3745 1294 3809 M.
1329 3745 1550 3828 Bomberya,
1589 3747 1628 3813 M.
1661 3749 1813 3814 Gorlilr

423 3855 492 3917 sine
517 3855 692 3938 preiudicio
717 3852 896 3916 Seniorum.

378 3997 396 4038 ·.
426 3962 527 4042 Anno
551 3980 661 4042 eodem
686 3985 718 4042 et
742 3979 792 4042 die
820 3979 858 4041 ad
883 3998 1014 4041 cursum
1044 3979 1076 4040 in
1107 3979 1263 4062 theologia
1292 3980 1464 4061 legendum
1493 3983 1647 4066 assumpti
1673 3991 1748 4046 sunt
1774 3983 1812 4046 Μ.

424 4107 573 4151 marcus
601 4086 761 4151 Sculteti
791 4090 822 4150 et
845 4085 885 4148 M.
910 4085 1089 4149 Andreas
1113 4085 1380 4167 Beyerreutlre,
1409 4090 1579 4172 presentati
1613 4107 1670 4172 per
1697 4092 1812 4172 magis-

424 4201 510 4257 trum
535 4192 744 4274 Ratispaw.

424 4354 525 4436 duno
555 4373 673 4454 dominj
698 4369 783 4438 1457
811 4373 845 4435 in
875 4372 925 4435 die
948 4371 1054 4434 Sancti
1083 4371 1262 4455 Hieronimj
1292 4373 1343 4436 Ad
1371 4373 1551 4438 Sententias
1579 4376 1729 4458 legendas
1764 4397 1813 4440 as·
1841 4394 1924 4508 im

1841 4471 1902 4521 ‚epi
1918 4468 1952 4510 ni.

534 4656 553 4722 ¹)
572 4655 598 4711 S.
618 4656 660 4710 die
679 4655 802 4711 Statuten
821 4656 938 4710 Rubrica
956 4657 981 4720 9,
1001 4655 1127 4709 Zurnclte
1146 4655 1172 4710 S.
1192 4659 1252 4710 551.

531 4745 552 4816 ²)
572 4746 615 4813 Se,
635 4746 741 4800 obwohl
756 4746 854 4801 vorher
872 4746 933 4798 kein
952 4745 1007 4814 'lag
1025 4751 1143 4814 genennt
1160 4747 1203 4798 iat.
1248 4746 1299 4799 Die
1314 4747 1394 4800 Notiz
1413 4748 1449 4801 ist
1463 4748 1628 4816 verddchtig.
1643 4750 1677 4804 da
1692 4750 1814 4818 Popilie

306 4905 309 4910 Ι
426 4835 579 4904 Zulessung
598 4851 647 4889 zur
665 4835 788 4890 Licentia
806 4835 890 4889 echon
911 4836 1065 4888 14541111
1085 4836 1119 4888 22
1139 4837 1273 4889 verinerlrt
1292 4836 1333 4890 ist.

532 4925 553 4993 ⁸)
572 4925 632 4994 Vgl.
649 4925 690 4978 die
705 4925 755 4978 den
771 4925 894 4978 Statnten
912 4926 1098 4994 angelrtlngten
1113 4925 1248 4980 ilouolusa
1262 4944 1286 4978 n.
1306 4927 1349 4992 49,
1363 4926 1498 4992 Zaracle,
1526 4927 1676 4982 Statutenb.
1692 4928 1718 4982 S.
1738 4930 1813 4984 11641.

532 5015 553 5075 ‘l
572 5015 615 5082 Sc,
635 5015 686 5068 wie
705 5017 773 5069 auch
793 5016 860 5068 oben
882 5016 950 5066 1443
968 5014 1032 5068 Juni
1054 5015 1094 5066 lll.
