4724 6360
704 1191 904 1256 Venerabilis
923 1191 1072 1254 dominus
1092 1189 1243 1270 Magister
1265 1189 1422 1252 Thomas
1441 1187 1621 1270 pontrold
1644 1187 1702 1252 Eu
1725 1187 1865 1268 mayolo,
1891 1195 2095 1271 presentatus

704 1317 760 1381 per
783 1298 948 1362 dominum
974 1297 1132 1361 doctorem
1157 1295 1333 1360 Maltboum
1355 1295 1550 1376 bopoormem.
1597 1295 1638 1358 Et
1669 1294 1767 1358 soluit
1789 1313 1847 1377 pro
1869 1293 1947 1358 fisco
1971 1299 2035 1356 tres
2060 1292 2093 1356 ll.

570 1451 627 1500 aas.
642 1449 676 1492 aa.
705 1405 806 1486 Anno
827 1441 890 1505 quo
916 1441 1012 1506 supra
1035 1421 1095 1486 Die
1121 1419 1268 1503 Mercurij
1293 1419 1570 1504 Vigesimaquinta
1592 1419 1713 1482 mensis
1741 1419 1869 1500 augusti
1896 1417 1994 1482 altera
2019 1423 2094 1502 post
2119 1435 2153 1480 m.

704 1528 822 1592 festum
848 1527 878 1592 S.
902 1527 1116 1594 Bartholomei
1140 1535 1326 1612 assumptus
1354 1533 1403 1592 est
1429 1525 1663 1610 adlegandum
1692 1545 1824 1590 cursum
1852 1525 1885 1588 in
1915 1523 2093 1586 sacratheo·

704 1635 789 1719 logia
807 1635 1001 1700 venerabilis
1021 1636 1171 1700 dominns
1191 1633 1380 1698 Niooioos
1402 1633 1518 1714 Wolff
1537 1633 1596 1698 Ec
1614 1633 1727 1710 tium,
1752 1632 1904 1716 Magister
1923 1630 2093 1694 Colonien-

704 1744 758 1822 sis‚
790 1749 991 1825 presentatus
1019 1761 1075 1826 per
1104 1743 1130 1806 d.
1156 1743 1319 1806 doctorem
1345 1741 1551 1806 hieronimum
1577 1739 1882 1822 Oolrssenfortmsem.
1928 1736 1970 1801 Et
1992 1737 2093 1800 soluit

705 1868 762 1932 pro
785 1849 862 1912 fisco
886 1855 949 1912 tres
974 1849 1004 1912 ll.

607 2069 682 2116 1⁶1⁹·
710 2044 811 2126 llnno
835 2061 964 2126 Domini
989 2061 1076 2130 1519
1100 2061 1160 2127 Die
1185 2063 1450 2128 vicesimaoctaua
1473 2064 1594 2127 mensis
1621 2060 1805 2126 Decembris
1830 2059 1986 2143 assumpti
2014 2065 2091 2121 sunt
2117 2081 2151 2122 aa.

578 2141 631 2186 ΒΜ·
646 2143 679 2185 28·
708 2169 747 2232 ad
770 2169 947 2252 legendum
971 2169 1155 2234 sentencias
1174 2169 1381 2235 Venerabiles
1404 2177 1509 2254 patres
1531 2169 1625 2233 irater
1647 2167 1841 2234 Jonaoms
1871 2164 2019 2247 lobleym
2047 2186 2091 2228 ea

704 2273 961 2356 oclseosorm,
986 2277 1026 2340 nt
1048 2276 1145 2340 irater
1163 2276 1397 2358 wolfgangus
1418 2276 1502 2358 soolt
1524 2277 1566 2340 do
1588 2279 1706 2340 monte
1725 2273 1861 2340 Sancte
1883 2293 1979 2336 omme
2000 2271 2090 2334 Ordi-

704 2383 756 2446 nis
779 2383 1017 2466 predicatorum
1041 2381 1172 2466 Cenobij
1198 2383 1307 2448 Sancti
1329 2385 1417 2468 pauli
1441 2385 1474 2448 in
1498 2383 1612 2467 liptzlr,
1639 2383 1812 2466 presentati
1834 2399 1891 2466 per
1913 2378 2088 2444 Dominum

703 2487 873 2554 Ductorem
910 2489 1118 2554 hermannum
1151 2489 1209 2554 rob
1245 2491 1390 2556 eiusdem
1423 2491 1543 2555 ordinis
1578 2489 1815 2574 prouincialem.
1853 2486 1893 2551 Et
1922 2485 2091 2550 soluemnt

705 2599 810 2660 statim
834 2597 873 2660 ad
895 2596 1011 2662 fiscum
1036 2596 1170 2680 quilibet
1194 2603 1257 2662 tres
1280 2597 1416 2662 florenos
1441 2599 1475 2662 in
1499 2617 1586 2662 auro.

593 2821 629 2852 ιιι.
672 2841 678 2852 .
707 2775 808 2856 Anno
831 2791 962 2856 Domini
988 2793 1072 2856 1519
1102 2795 1170 2877 ipso
1198 2791 1259 2856 Die
1287 2800 1472 2858 sauctorum
1496 2793 1616 2858 fabiani
1644 2799 1675 2856 et
1698 2791 1877 2856 Sebastiani
1904 2795 2088 2873 assumptus
2119 2811 2153 2854 er.

705 2907 753 2963 est
788 2899 828 2962 ad
860 2899 1030 2983 legendum
1063 2899 1248 2964 sentencias
1281 2900 1473 2964 venerabilis
1512 2899 1669 2964 Dominus
1708 2899 1859 2980 Magister
1895 2896 2090 2962 Jooaones

704 3004 837 3088 iamper
866 3026 908 3068 ea
932 3003 1172 3088 polienbaym
1196 3007 1323 3091 Collegij
1350 3007 1424 3070 diue
1446 3008 1583 3088 virginis
1609 3009 1710 3072 marie
1734 3005 1935 3088 Collegiatus
1958 3023 2089 3088 presen-

704 3119 789 3176 tatus
816 3130 872 3196 per
899 3111 1072 3195 Egregium
1102 3111 1278 3178 Dominum
1309 3113 1480 3178 Ductorem
1513 3113 1698 3196 birstberpk,
1731 3121 1763 3178 et
1794 3111 1891 3177 soluit
1922 3131 1980 3195 pro
2011 3109 2088 3174 fisco

704 3218 863 3282 facultatis
887 3225 953 3283 tres
975 3217 1006 3281 fl.

637 3457 642 3469 -
672 3457 678 3468 ·
706 3397 808 3478 Anno
817 3413 948 3479 Domini
970 3415 1055 3478 1519
1075 3415 1126 3479 die
1141 3415 1261 3480 sabbati
1281 3421 1371 3479 sexta
1382 3419 1640 3500 mensisaugusti
1656 3418 1813 3500 assumpti
1829 3421 1906 3480 sunt
1924 3415 1964 3478 ad
1983 3415 2090 3498 legen·
2116 3431 2149 3476 m.
2163 3433 2193 3474 n.

704 3521 781 3584 dum
800 3541 933 3586 cursum
952 3524 986 3584 in
1006 3541 1095 3586 sacra
1113 3523 1273 3604 theologia
1287 3521 1492 3588 Venerabiles
1512 3526 1572 3588 viri
1593 3525 1713 3588 domini
1733 3523 1876 3607 Magistri
1894 3521 1924 3586 J
1925 3521 2090 3587 ohannes
2116 3505 2148 3547 ⁸⁸⁴

702 3627 948 3710 heydemreioli
971 3629 1012 3692 de
1040 3629 1160 3706 ouria,
1191 3628 1336 3710 Cospor
1364 3628 1499 3712 Deysel
1526 3631 1567 3695 do
1595 3619 1713 3708 libem,
1744 3627 1983 3694 Womdolinms
2010 3651 2089 3693 rum

705 3735 746 3797 de
768 3734 891 3816 Zoeyl,
922 3734 1108 3798 Nicotaus
1133 3734 1335 3816 pnssborms
1363 3758 1405 3800 aa
1432 3737 1543 3814 thum,
1574 3720 1744 3822 presentati
1769 3757 1826 3820 per
1849 3735 2002 3820 Egregios
2026 3735 2089 3800 Do-

703 3841 809 3905 minus
832 3839 986 3906 Doctores
1009 3843 1134 3926 primus
1158 3849 1189 3905 et
1212 3845 1331 3907 tercius
1354 3844 1455 3926 perll
1484 3842 1661 3908 Dominum
1686 3844 1848 3907 doctorem
1873 3843 2088 3908 Ilioromimmm

703 3946 740 4010 do
762 3947 966 4029 oolmmfortla
990 3947 1157 4013 Secundus
1180 3967 1238 4033 per
1261 3949 1295 4012 Ε.
1322 3949 1496 4015 Dominum
1522 3952 1684 4016 doctorem
1704 3951 1886 4014 Martinam
1907 3949 2087 4032 hirstperpla

703 4053 779 4114 4tus
806 4074 881 4118 vero
908 4075 965 4140 per
995 4055 1030 4118 Ε.
1059 4053 1234 4119 Dominum
1264 4055 1435 4122 Doctorem
1462 4057 1639 4123 Mottiana
1667 4057 1801 4139 banniolo
1829 4079 1868 4121 ao
1897 4057 2024 4140 boonis,
2057 4064 2088 4121 et

703 4160 872 4225 soluerunt
893 4181 950 4246 pro
973 4163 1051 4226 fisco
1076 4162 1211 4246 quilibet
1234 4183 1345 4228 eorum
1368 4171 1431 4230 tres
1455 4165 1486 4230 ll.
1511 4167 1545 4229 iu
1568 4185 1656 4230 auro.

706 4338 806 4420 Auno
831 4357 1145 4425 commilitonis
1172 4361 1299 4424 veneris
1323 4359 1487 4444 Vigesima
1517 4363 1636 4426 mensis
1658 4361 1737 4444 Julij
1766 4367 1952 4444 assumptus
1975 4367 2023 4423 est
2046 4359 2084 4422 ad
2110 4375 2142 4419 aa

704 4462 874 4544 legendum
896 4485 1028 4528 cursum
1046 4467 1080 4528 iu
1101 4485 1190 4528 sacra
1208 4467 1364 4550 theologia
1382 4467 1581 4533 Venerabilis
1599 4467 1757 4532 Dominus
1780 4465 1931 4550 Magister
1950 4464 2088 4530 Gallus

705 4569 837 4634 Milton
861 4593 905 4634 eo
930 4571 1109 4652 friborgo
1132 4593 1250 4654 propa
1272 4575 1470 4658 camburg,
1509 4583 1707 4658 presentatus
1735 4594 1791 4658 per
1814 4575 1981 4638 domiuum
2004 4572 2087 4638 Doc-

707 4685 808 4740 torem
832 4677 1015 4742 Mortinmm
1036 4679 1287 4762 birssbergensem
1341 4682 1381 4744 nt
1404 4683 1502 4746 soluit
1523 4701 1582 4766 pro
1605 4681 1683 4746 fisco
1707 4689 1771 4746 tres
1793 4681 1963 4744 florenos¹

812 4943 831 5010 ¹)
849 4940 1045 5014 aestimatos
1062 4947 1153 5014 spiter
1170 4944 1345 5015 eingetragen.
1459 4985 1461 4988 -
