4724 6360
875 1065 954 1070 ,...-.
994 1065 1032 1071 -
1091 1031 1138 1101 15
1194 1039 1352 1071 -’.--.

290 1269 339 1316 nr.
356 1275 393 1317 41.
423 1242 522 1321 Anno
545 1257 675 1322 Domini
709 1255 795 1322 1488
826 1259 859 1320 in
884 1259 934 1320 die
958 1257 1066 1322 Sancti
1090 1257 1202 1320 Ciriaoi
1240 1258 1279 1320 ad
1307 1277 1437 1321 cursum
1467 1259 1483 1294 *
1511 1259 1544 1320 in
1573 1260 1730 1340 theologia
1757 1281 1806 1323 as·
1834 1275 1915 1321 iuss.

422 1365 541 1447 sumpti
565 1370 643 1427 sunt
665 1364 707 1426 M.
731 1363 897 1428 «Iacobus
920 1363 1151 1427 coloniensis
1183 1364 1226 1426 de
1249 1364 1425 1444 kempnil,
1451 1363 1546 1428 Pater
1569 1365 1690 1428 Adam
1717 1368 1807 1428 Prior
1835 1349 1890 1398 ¹³⁰⁸·
1906 1349 1925 1390 Β·
1940 1350 1969 1399 4²⁹*

421 1471 458 1532 ad
483 1469 634 1533 Sanctum
667 1469 820 1546 Paulum,
852 1470 891 1532 M.
925 1469 1126 1533 Martinus
1156 1468 1278 1550 Spero
1305 1471 1347 1534 dc
1374 1470 1653 1550 frunckfordis,
1677 1471 1718 1534 M.
1751 1471 1805 1534 Jo.

420 1575 670 1656 balneatoris,
692 1576 734 1638 M.
757 1575 971 1656 fridericus
1000 1575 1269 1657 Weysenfelts,
1293 1577 1335 1639 M.
1361 1577 1547 1640 Nicoluus
1579 1578 1619 1640 dc
1649 1577 1807 1642 Wrotis-

421 1682 528 1746 leuia
553 1691 583 1746 et
606 1682 647 1746 M.
664 1684 840 1763 peorpius
859 1681 901 1746 dc
918 1683 1105 1764 amhcrpu,
1122 1685 1291 1766 presentati
1311 1685 1414 1766 perd.
1436 1683 1566 1762 (liuida,
1588 1681 1807 1762 Oristoffcium

421 1802 452 1852 et
473 1789 569 1870 boyer.

420 1897 487 1978 Ilia
507 1935 563 1998 pro
583 1920 661 1977 tuno
684 1915 797 1977 eodem
817 1914 857 1977 ad
876 1917 1035 1996 gremium
1061 1913 1225 1977 doctorum
1245 1921 1392 1998 receptus
1411 1921 1459 1978 est
1482 1915 1510 1977 d.
1535 1916 1646 1978 doctor
1664 1915 1736 1977 Eri
1742 1936 1806 1978 cus

421 2022 461 2085 de
489 2019 662 2102 Vpsala‘o,
686 2021 854 2104 prandium
879 2020 965 2084 dedit
989 2020 1184 2101 doctoribus,
1212 2027 1244 2083 et
1267 2041 1330 2083 non
1361 2021 1491 2086 intrabit
1519 2022 1677 2085 facultatis
1700 2024 1805 2084 consi-

421 2129 499 2191 lium
524 2129 586 2191 nisi
608 2128 741 2210 legendo
765 2134 797 2190 et
819 2127 1010 2210 disputando
1033 2127 1189 2210 completo
1214 2129 1422 2210 quadrienno.

421 2236 521 2315 Anno
550 2272 614 2336 quo
638 2251 742 2335 Supra
771 2252 821 2315 die
849 2271 933 2315 nona
967 2253 1087 2314 mensis
1115 2253 1188 2333 maij
1222 2252 1261 2314 ad
1294 2251 1477 2316 Sentenoias
1506 2253 1655 2336 legendas
1688 2256 1806 2337 recepti
1834 2269 1877 2313 un
1891 2271 1911 2316 s.

421 2365 498 2422 sunt
530 2358 571 2421 M.
597 2357 781 2422 Nicoluus
804 2357 980 2438 koburplr,
1014 2358 1054 2420 Μ.
1089 2357 1280 2422 Nicolaus
1313 2357 1493 2440 lyudcncr
1524 2360 1566 2421 dc
1598 2359 1730 2439 liplalr,
1764 2359 1805 2422 M.
1917 2431 1919 2436 .

422 2464 598 2529 Mothous
629 2465 813 2528 domoraw
849 2465 891 2528 de
922 2463 1155 2544 brensslouio
1197 2469 1229 2528 et
1259 2463 1298 2527 M.
1332 2464 1501 2530 Joouues
1533 2465 1725 2547 chriaplr
1766 2467 1808 2528 de

428 2571 653 2652 Wemdiayk,
677 2573 849 2654 presentati
871 2591 930 2654 por
953 2573 981 2636 d.
1005 2571 1157 2652 cwderita
1179 2569 1343 2654 dasscufelt
1359 2579 1391 2636 ct
1413 2572 1508 2653 boyer.

422 2751 520 2830 llnno
545 2767 675 2831 Domini
699 2764 787 2831 1489
817 2768 851 2828 in
883 2767 933 2830 die
964 2769 1279 2830 commemoracionis
1307 2770 1414 2830 Sancti
1437 2768 1529 2831 Pauli
1557 2769 1596 2831 ad
1619 2769 1804 2832 sentencias
1833 2783 1914 2830 isso.

421 2875 570 2956 legendas
594 2875 748 2957 assumpti
781 2879 858 2937 sunt
880 2873 974 2936 Pater
995 2874 1116 2937 Adam
1139 2873 1231 2937 Prior
1255 2874 1284 2938 S.
1314 2873 1400 2956 pauli
1428 2875 1461 2936 in
1494 2875 1593 2958 liptzk
1625 2881 1656 2938 et
1679 2875 1719 2937 M.
1744 2875 1805 2938 Jo·
1832 2856 1885 2898 ’ω
1899 2857 1934 2898 ³⁰·

421 3001 535 3044 onnes
557 2979 717 3062 henuipk
740 2981 782 3044 dc
803 2979 955 3061 laycis,
978 2982 1148 3064 presentati
1172 3000 1229 3064 per
1252 2981 1280 3044 d.
1298 2980 1392 3062 boyer
1415 2989 1447 3044 et
1467 2979 1585 3062 perlita.

421 3087 520 3168 Anno
549 3111 580 3168 et
604 3105 653 3169 die
677 3105 786 3169 eodem
809 3111 962 3183 utsupra
992 3105 1032 3168 ad
1055 3103 1192 3168 Cursum
1215 3105 1389 3188 legendnm
1412 3107 1445 3168 in
1473 3106 1629 3189 theologia
1658 3111 1806 3189 receptus

420 3217 468 3274 est
490 3209 531 3273 M.
557 3209 740 3275 Nicolaus
763 3210 965 3292 lr'ostemuu,
988 3218 1189 3294 presentatus
1212 3231 1268 3294 per
1292 3213 1318 3274 d.
1345 3210 1570 3290 Gristofferum.

420 3371 521 3451 rlnno
550 3387 640 3455 1499
670 3389 748 3452 feria
780 3395 870 3452 sexta
894 3397 966 3473 post
990 3391 1253 3452 annunciacionis
1281 3392 1380 3453 marie
1404 3391 1442 3453 ad
1466 3391 1632 3453 licenciam
1660 3392 1694 3453 in
1718 3392 1804 3455 theo-
1832 3411 1914 3458 icoo.

420 3496 503 3577 logia
527 3497 658 3559 admissi
682 3503 757 3560 sunt
781 3495 820 3558 M.
845 3494 1013 3560 Jooancs
1035 3493 1195 3576 hcuraipk
1225 3495 1267 3558 de
1288 3495 1428 3576 dapnis
1456 3505 1488 3560 et
1512 3497 1605 3561 irater
1630 3495 1806 3572 Maliacus
1833 3483 1890 3526 ”¹¹²
1904 3485 1937 3526 ²⁶·

419 3586 543 3683 Mdsde
565 3602 607 3666 de
636 3602 726 3666 bocla
751 3603 791 3666 Et
823 3603 864 3666 Μ,
888 3603 1057 3666 Jouaucs
1080 3601 1194 3666 droul
1216 3601 1257 3664 dc
1280 3601 1507 3683 rotenburch
1529 3601 1606 3666 Sine
1628 3603 1805 3686 preludicio
1831 3593 1832 3598 ¹

420 3728 591 3772 semorum.

419 3815 519 3896 Auno
543 3834 655 3898 eodem
679 3833 730 3897 die
753 3834 920 3896 undecima
943 3835 962 3896 J
968 3837 1032 3916 unij
1058 3836 1097 3898 ad
1121 3835 1305 3898 Sentenoias
1333 3831 1486 3916 legendas
1514 3835 1629 3917 recepti
1654 3839 1732 3897 sunt
1761 3834 1803 3898 M.
1830 3856 1884 3899 run
1899 3859 1932 3901 n.

418 3939 472 4003 Jo.
495 3939 569 4003 lauri
597 3939 791 4016 richellis,
816 3939 856 4002 Μ.
882 3939 1072 4004 Nicoluus
1103 3941 1239 4022 leprico·
1271 3940 1313 4004 de
1340 3939 1511 4020 dresdens,
1539 3938 1579 4001 M.
1604 3939 1805 4004 Martinus

420 4045 553 4127 Spera,
575 4047 615 4110 Μ.
639 4046 830 4112 Melcliar
858 4047 900 4110 dc
931 4046 1181 4128 srcycnstadt,
1205 4046 1412 4132 presentati*
1436 4065 1492 4130 per
1520 4046 1547 4108 d.
1569 4045 1688 4126 perlita,
1718 4045 1805 4110 Oris·

420 4154 564 4232 tofferum
587 4162 618 4218 et
642 4155 668 4217 d.
691 4153 860 4236 hustentelt.

420 4261 521 4342 Anno
544 4279 655 4342 eodem
680 4281 713 4342 in
737 4277 797 4342 Die
821 4278 923 4342 abdon
948 4287 979 4342 et
1002 4277 1128 4341 Sennen
1153 4279 1193 4340 ad
1217 4299 1348 4342 cursum
1378 4278 1549 4361 legendum
1574 4277 1704 4340 admissi
1729 4283 1806 4340 sunt
1832 4299 1879 4342 run
1894 4301 1928 4343 ao.

420 4384 461 4446 Μ.
487 4383 747 4466 Oristofserus
770 4385 927 4465 dedalico,
949 4385 1045 4448 frater
1066 4384 1238 4448 Joanaes
1261 4385 1300 4447 dc
1324 4383 1529 4466 domberpu,
1552 4385 1725 4467 presentati
1748 4401 1806 4466 per

421 4492 448 4553 d.
469 4491 581 4572 porlila
603 4500 635 4555 et
657 4491 874 4570 cristoffcrum.

420 4649 522 4732 Anno
546 4667 677 4734 Domini
709 4669 795 4736 1491
827 4671 1003 4754 penultima
1032 4669 1174 4750 Januarij
1209 4668 1249 4732 ad
1272 4687 1403 4732 cursum
1432 4669 1655 4756 receptisunt
1682 4666 1723 4729 Μ.
1746 4666 1802 4729 Jo.
1830 4680 1902 4725 1491.

421 4774 569 4840 Swindt
600 4777 642 4840 de
672 4775 808 4858 adopta,
841 4777 883 4839 M.
910 4776 1108 4842 Conradus
1136 4776 1217 4838 coci
1246 4775 1288 4838 dc
1317 4775 1514 4856 Wimpa'ao.
1831 4751 1932 4796 ³⁸¹¹·³⁰·

328 4929 331 4934 ’
421 4883 476 4964 Ad
509 4901 695 4964 Sentenoias
729 4921 803 4964 vero
837 4903 946 4966 eodem
981 4921 1064 4964 anno
1094 4903 1127 4964 in
1158 4899 1219 4963 Die
1251 4899 1280 4963 S.
1313 4899 1470 4963 benedicti
1498 4899 1629 4962 admissi
1657 4903 1734 4962 sunt
1763 4896 1805 4959 M.
1834 4912 1940 4955 runai.

423 5006 566 5070 Paulus
585 5007 627 5070 de
645 5006 775 5090 Sayda
799 5015 829 5070 et
851 5009 946 5071 frater
968 5008 1021 5072 Jo.
1047 5009 1088 5071 de
1111 5007 1321 5088 bucchardo,
1344 5008 1516 5090 presentati
1539 5025 1596 5088 per
1620 5006 1646 5067 d.
1668 5002 1787 5084 perlita.
