4724 6360
881 983 1331 1054 *9,*

417 1193 535 1256 missus
578 1199 626 1255 est
670 1191 709 1253 M.
745 1189 1015 1270 C'ristopliorus
1050 1189 1173 1278 llapmof
1205 1192 1247 1254 (le
1275 1191 1551 1274 ffrcpenslccll‚
1583 1191 1714 1256 Necnon
1755 1191 1796 1256 M.

416 1297 592 1362 henricus
612 1296 789 1378 pernolaell
816 1296 858 1360 dc
879 1296 1102 1378 nurnberpu.

416 1405 515 1485 Anno
539 1428 570 1486 et
593 1422 644 1486 die
668 1442 732 1505 quo
756 1421 859 1505 Supra
881 1421 920 1484 ad
944 1421 1115 1504 legendum
1139 1441 1269 1486 cursum
1293 1425 1447 1506 assumpti
1472 1421 1554 1486 Sunt
1573 1423 1615 1486 M.
1636 1425 1798 1487 Ioannes

325 1576 331 1586 .
380 1578 385 1588 .
414 1529 456 1592 de
480 1528 663 1609 Crosstcn,
696 1528 737 1590 M.
757 1529 920 1592 Ioannes
947 1527 963 1563 *
987 1527 1254 1610 Ιπιηιρίερενρλῃ
1278 1530 1319 1592 M.
1345 1531 1506 1593 Ioannes
1528 1529 1709 1602 lomenia,
1728 1549 1797 1613 pre-

417 1637 534 1698 sentati
558 1654 615 1718 per
638 1633 679 1697 M.
704 1633 880 1699 Ratisbonu
904 1639 935 1697 et
959 1633 1090 1699 Gallu.

414 1741 515 1822 Anno
545 1779 610 1842 quo
639 1779 737 1842 supra
765 1763 855 1822 sexta
881 1759 960 1822 feria
988 1765 1059 1842 post
1082 1761 1226 1840 mauricij
1256 1759 1296 1822 Μ.
1327 1763 1492 1824 Ioannes
1516 1759 1654 1825 Schola
1680 1761 1719 1824 ad
1743 1761 1795 1824 Li·
1824 1776 1886 1832 Sept.
1902 1779 1936 1822 2⁵.

414 1868 548 1930 centiam
573 1865 734 1930 admissus
757 1871 812 1929 est.

413 2026 512 2108 Anno
537 2044 656 2126 dominj
681 2042 769 2110 1462
794 2044 826 2106 in
851 2044 901 2108 dic
925 2043 1244 2108 Commemorationis
1268 2045 1376 2108 Sancti
1400 2045 1488 2128 pauli
1513 2045 1550 2107 ad
1576 2045 1737 2109 licentiam
1761 2047 1794 2108 in
1823 2061 1907 2108 14oa.

412 2151 571 2232 theologia
594 2151 753 2214 admissus
776 2155 824 2212 cst
848 2151 888 2212 M.
906 2154 1043 2230 petros
1065 2150 1178 2214 rhode
1200 2151 1242 2214 dc
1265 2150 1476 2232 lunanborq.
1821 2134 1922 2179 lumm-

412 2259 540 2340 Eodem
573 2275 623 2338 die
654 2281 685 2338 et
713 2293 797 2338 anno
827 2261 867 2336 ad
898 2294 1029 2338 cursum
1053 2276 1220 2358 Assumpti
1244 2281 1322 2338 sunt
1344 2275 1386 2337 M.
1410 2277 1576 2340 Iounaaes
1598 2275 1747 2356 Adorfs
1763 2281 1794 2340 et

411 2381 451 2448 M.
476 2380 685 2444 anthonius
708 2380 751 2444 (le
776 2379 892 2458 Colla,
916 2383 1088 2464 presentati
1112 2400 1168 2464 per
1192 2381 1233 2444 M.
1259 2381 1434 2446 Rutisllonu
1457 2389 1488 2445 ot
1513 2381 1644 2446 (lorlita.

410 2542 511 2622 Anno
541 2559 658 2640 dominj
688 2557 778 2626 1463
806 2557 925 2622 Vltima
955 2559 1005 2623 die
1033 2561 1152 2623 mensis
1176 2559 1266 2642 Junij
1296 2559 1348 2622 Ad
1377 2580 1507 2624 cursum
1536 2562 1693 2644 assumpti
1717 2567 1794 2624 sunt
1820 2577 1904 2624 moa.

411 2667 450 2728 M.
475 2664 659 2728 Nicolans
692 2665 834 2742 Illonis,
859 2666 900 2728 Μ.
930 2665 1138 2730 richardos
1168 2665 1291 2748 cellis,
1321 2667 1362 2729 M.
1387 2669 1549 2732 Ioannes
1572 2667 1613 2728 (lc
1637 2667 1792 2750 Berlyn,
1819 2650 1919 2694 ³⁰¹¹i³⁰'

410 2772 583 2856 presentati
605 2790 662 2855 per
686 2772 727 2834 M.
753 2771 875 2836 Gorlilz
898 2779 929 2836 et
959 2772 1086 2854 Weysse.

410 2877 510 2958 Anno
540 2901 573 2959 et
604 2896 655 2957 die
685 2897 793 2960 eodem
824 2897 863 2960 ad
887 2897 1065 2960 Sententiae
1090 2897 1240 2980 legendas
1265 2899 1395 2961 admissi
1419 2903 1450 2962 et
1473 2900 1627 2982 assumpti
1651 2904 1727 2962 sunt
1750 2883 1791 2961 Μ.

408 3023 603 3066 ‘isernoros
626 3003 786 3084 nopotem,
811 3003 851 3065 M.
876 3003 1018 3067 lltomus
1040 3005 1214 3082 werneri,
1239 3005 1280 3066 M.
1304 3003 1510 3068 Dionisius
1533 3003 1645 3086 flach,
1668 3005 1710 3068 Μ.
1729 3005 1790 3070 Jo

408 3130 524 3172 annes
552 3109 828 3186 melrlcltstuslt,
863 3111 1037 3194 presentati
1065 3129 1122 3193 per
1151 3110 1191 3174 M.
1222 3109 1450 3192 Brcstlamcr
1480 3119 1512 3174 et
1538 3111 1723 3176 Jounnem
1750 3111 1792 3175 llo

409 3215 623 3297 Bumberpu.

408 3357 508 3439 Anno
538 3376 657 3440 domiui
680 3374 772 3441 1464
795 3376 846 3439 Ad
871 3397 1001 3440 cursum
1026 3379 1059 3439 in
1083 3377 1250 3460 Theologia
1274 3378 1445 3460 legendum
1469 3379 1624 3461 assumpti
1648 3385 1724 3442 suut
1747 3377 1789 3442 M.
1818 3393 1902 3441 14o4.

407 3484 571 3546 Ioannes
600 3481 774 3564 Wolterj,
805 3483 846 3545 M.
870 3483 1049 3548 Lazarus
1072 3483 1292 3562 Solonenica,
1324 3483 1365 3546 M.
1396 3484 1603 3565 Grepora'us
1626 3483 1788 3564 kappar-

407 3589 491 3670 lpup
514 3591 555 3652 dc
578 3590 777 3670 kempniia,
802 3589 844 3652 M.
864 3590 1113 3655 Leonleardos
1136 3590 1296 3672 oilssecla
1325 3593 1497 3674 presentati
1520 3610 1576 3674 per
1595 3590 1636 3653 Μ.
1658 3591 1788 3656 Gurbita.

406 3749 507 3830 Anno
531 3769 651 3831 domini
674 3767 761 3834 1465
785 3770 932 3831 vitezima
960 3769 1099 3832 secunda
1128 3770 1246 3832 mensis
1268 3768 1358 3850 Junij
1387 3769 1438 3831 Ad
1463 3769 1632 3852 legendum
1656 3787 1787 3832 cursum
1815 3784 1900 3830 noo.

405 3876 437 3937 in
476 3875 633 3958 theologia
673 3875 828 3958 assumpti
862 3881 938 3938 sunt
971 3875 1011 3937 Μ.
1045 3877 1210 3940 Ioannes
1240 3875 1407 3957 polimus
1444 3875 1486 3938 dc
1517 3875 1711 3956 lemberylc,
1744 3875 1785 3938 Μ.
1814 3856 1914 3902 ³⁰⁰³²²¹

403 3986 533 4060 petrus
564 3981 769 4062 leoffeman,
801 3981 842 4044 M.
875 3980 1121 4046 wenczesluos
1151 3981 1349 4059 dotalem,
1380 3981 1422 4044 M.
1442 3981 1569 4047 Simon
1604 3983 1646 4045 cle
1669 3981 1785 4059 Buca,

404 4087 445 4151 M.
470 4090 633 4152 loannes
656 4089 698 4152 (lc
720 4088 885 4170 cleopan,
908 4090 1081 4172 presentati
1104 4107 1160 4172 per
1183 4088 1225 4151 Μ.
1249 4089 1286 4152 ule
1301 4089 1423 4168 prelliu
1446 4095 1477 4154 et
1498 4089 1616 4171 perlita.

403 4194 505 4276 Anno
539 4215 651 4277 eodem
684 4216 717 4276 in
750 4215 859 4296 vigilia
890 4216 972 4298 petri
1004 4221 1036 4278 et
1068 4213 1155 4298 pauli
1187 4213 1226 4277 ad
1257 4213 1429 4297 legendum
1452 4213 1633 4278 Sententiae
1656 4214 1786 4277 admissi
1812 4228 1912 4272 eunias.

404 4327 480 4384 sunt
504 4321 544 4383 Μ.
569 4322 733 4385 Ioannes
755 4321 912 4402 Adorff‚
937 4321 977 4383 Μ.
1002 4322 1167 4385 Ioannes
1190 4320 1376 4400 lumenta,
1399 4320 1440 4383 M.
1464 4321 1632 4384 malleus
1655 4320 1696 4383 de
1718 4320 1785 4384 lca·

403 4425 486 4504 law,
523 4427 564 4490 M.
604 4427 820 4492 Anthemius
855 4428 896 4491 de
929 4426 1038 4508 cella,
1075 4429 1245 4510 presentati
1282 4445 1339 4510 per
1377 4427 1416 4489 Μ.
1451 4427 1492 4490 de
1523 4427 1723 4492 ratisbona
1755 4431 1786 4490 et

404 4532 562 4600 Gorlllz.
812 4531 814 4534 ’

402 4693 502 4775 ΑΠΠΟ
538 4713 656 4795 d⁰¹¹¹i¹¹j
694 4711 782 4779 1466
822 4712 974 4777 vicesima
1009 4714 1064 4774 7ῃΜι
1097 4713 1217 4776 mensis
1245 4711 1335 4795 Junij
1365 4713 1417 4775 Ad
1450 4713 1622 4796 legendum
1651 4703 1784 4775 cursum
1811 4724 1895 4772 moa.

402 4825 585 4902 assumptus
615 4825 663 4882 ast
692 4819 732 4881 M.
764 4817 944 4901 kylianus
967 4819 1143 4900 pftlupcr
1172 4818 1214 4882 (lo
1236 4821 1464 4900 *zupnsstepm
1499 4824 1699 4902 presentatus
1727 4837 1784 4901 per
1810 4796 1909 4840 SM·

402 4924 572 4988 [ohannem
594 4925 631 4988 de
654 4925 837 5006 Bumberyu.

1554 5022 1569 5072 2
